2310 3485
267 225 347 284 18
495 220 858 276 CAESAR’S
902 221 1000 275 IN
1008 220 1292 276 VASION
1342 220 1444 275 OF
1486 221 1842 276 BRITAIN.

263 388 382 448 Sed
409 387 630 449 milites
650 390 722 449 ea
748 388 1051 450 celeritate
1079 396 1259 469 atque
1288 409 1358 450 eo
1385 389 1619 468 impetu
1643 389 1860 464 ierunt,
1886 409 2073 469 quum

260 486 454 569 capite
509 485 634 545 solo
690 504 768 545 ex
821 489 976 564 aqua
1030 494 1354 561 exstarent,
1414 494 1484 546 ut
1526 486 1729 547 hostes
1777 487 2073 565 impetum

138 599 236 650 470
260 583 563 662 legionum
591 589 772 661 atque
807 585 1082 662 equitum
1113 585 1409 644 sustinere
1436 604 1559 644 non
1586 591 1867 663 possent:
1909 585 2073 662 ripas

262 679 622 740 dimiserunt
648 699 716 739 ac
744 699 806 739 se
833 680 1010 759 fugae
1037 681 1495 742 mandaverunt.

341 777 463 842 43.
511 776 991 837 Cassivellaunus
1036 797 1276 838 omnem
1320 779 1721 839 contentionis
1766 799 1933 857 spem
1974 778 2075 840 de-

263 886 550 929 cass1v011
562 897 764 935 nnnnnn
808 875 982 953 ponit
1008 899 1022 937 ε
1105 875 1423 954 ampliores
1499 877 1697 954 copias
1773 876 2032 936 dimittit
2057 900 2073 938 z

262 938 344 978 not
375 937 572 987 wishing
595 937 644 976 to
668 936 766 975 risk

261 987 766 1078 ssffloeffibssfflss’offi
806 973 1069 1033 millibus
1127 974 1361 1034 circiter
1414 980 1700 1052 quattuor
1753 974 2074 1035 essedario-

139 1084 201 1135 47
208 1083 234 1136 5
262 1088 417 1148 march
454 1088 518 1137 by
549 1087 767 1138 megum
808 1091 942 1130 rum
983 1070 1224 1144 relictis,
1259 1070 1477 1130 itinera
1517 1076 1722 1131 nostra
1766 1071 2071 1134 servabat:

261 1137 529 1228 ἷξιῖαῗᾱίἷξῗὸ
554 1137 645 1177 ⁸²²⁶
674 1148 766 1177 ω’
808 1168 1055 1247 paulum
1083 1188 1160 1229 ex
1187 1168 1287 1228 via
1313 1167 1673 1229 excedebat:
1715 1168 1860 1228 locis
1888 1169 2073 1247 impe-

262 1268 407 1328 ditis
449 1287 517 1327 ac
557 1266 930 1328 silvestribus
973 1285 1037 1326 se
1079 1264 1450 1325 occultabat:
1500 1265 1564 1324 in
1596 1265 1671 1325 iis
1708 1265 2066 1344 regionibus,

262 1365 480 1444 quibus
506 1384 617 1425 nos
643 1364 762 1424 iter
785 1363 1047 1422 facturos
1076 1381 1205 1422 esse
1233 1368 1613 1439 cognoverat,
1642 1381 1855 1438 pecora
1872 1351 2070 1441 'atque

262 1462 533 1523 homines
578 1482 654 1523 ex
691 1461 849 1540 agris
894 1460 960 1519 in
997 1459 1178 1519 silvas
1220 1458 1650 1538 compellebat:
1693 1465 1844 1532 tum,
1881 1479 2071 1537 quum

138 1558 239 1621 480
264 1561 565 1639 equitatus
613 1565 818 1619 noster
864 1556 1195 1635 praedandi
1237 1555 1633 1635 vastandique
1675 1558 1853 1617 causa
1900 1577 1963 1617 se
2004 1557 2072 1617 in

263 1678 433 1736 agros
463 1658 732 1735 ejecerat,
759 1655 1034 1715 omnibus
1056 1654 1170 1714 viis
1190 1653 1350 1714 notis
1372 1654 1719 1733 semitisque
1741 1654 2070 1716 essedarios

264 1776 340 1816 ex
360 1755 525 1816 silvis
547 1753 889 1833 emittebat:
930 1753 1019 1812 ita
1037 1771 1256 1830 magno
1278 1771 1414 1811 cum
1440 1751 1705 1830 periculo
1725 1759 2070 1812 nostrorum

264 1853 535 1932 equitum
579 1871 714 1911 cum
758 1850 832 1909 iis
877 1848 1251 1926 confligebat,
1295 1854 1476 1927 atque
1520 1848 1634 1909 hoc
1678 1855 1845 1909 metu
1887 1849 2070 1909 latius

263 1949 467 2030 vagari
493 1946 871 2027 prohibebat.
954 1944 1169 2023 Itaque
1196 1944 1417 2006 Caesar
1437 1946 1667 2024 equites
1688 1966 1811 2006 non
1831 1946 2069 2026 longius

141 2054 238 2118 485
263 2048 339 2108 ab
367 2046 602 2126 agmine
630 2044 935 2123 legionum
964 2043 1268 2104 discedere
1295 2063 1505 2122 passus
1532 2051 1639 2104 est.

343 2144 464 2208 44.
513 2143 768 2203 Interim
809 2140 1226 2214 Trinobantes,
1258 2161 1444 2219 prope
1485 2142 1823 2202 firmissima
1864 2162 2069 2203 earum

263 2252 769 2344 ffiss'fiffig'efflwgffl}
809 2238 1122 2317 regionum
1149 2237 1378 2312 civitas,
1398 2237 1625 2316 legatos
1646 2238 1723 2298 ad
1752 2237 2066 2300 Caesarem

264 2354 405 2394 mbos
420 2332 600 2394 fonowss
808 2335 1078 2409 mittunt,
1109 2335 1584 2414 pollicenturque
1629 2355 1757 2396 sese
1803 2337 1858 2396 ei
1907 2336 2068 2397 dedi-

264 2441 431 2493 turos
487 2440 668 2511 atque
734 2434 1029 2511 imperata
1107 2433 1371 2493 facturos
1397 2455 1410 2492 :
1493 2453 1570 2492 ex
1638 2434 1757 2511 qua
1823 2433 2068 2495 civitate

140 2552 240 2601 490
264 2530 728 2591 Mandubracius
784 2530 1125 2592 adolescens
1180 2530 1257 2590 ad
1319 2529 1633 2591 Caesarem
1687 2530 1752 2589 in
1807 2530 2069 2592 Galliam

264 2635 511 2690 venerat
536 2652 549 2689 ε
592 2630 762 2708 cujus
789 2636 962 2708 pater
987 2629 1052 2688 in
1081 2629 1150 2688 ea
1171 2627 1416 2688 civitate
1436 2647 1687 2706 regnum
1703 2628 2063 2703 obtinuerat,

262 2727 729 2806 interfectusque
759 2733 888 2787 erat
915 2747 951 2786 a
977 2724 1451 2787 Cassivellauno:
1488 2726 1616 2803 ipse
1642 2725 1786 2804 fuga
1811 2733 2068 2787 mortem

196 2875 201 2879 .
262 2823 573 2884 vitaverat.
661 2823 759 2883 Illi
807 2829 1041 2901 petunt,
1071 2829 1143 2881 ut
1187 2821 1407 2882 Caesar
1448 2822 1948 2882 Mandubracium
1991 2825 2066 2884 ab

262 2919 486 2998 injuria
539 2919 973 2980 Cassivellauni
1029 2917 1335 2991 defendat,
1394 2926 1574 2997 atque
1627 2919 1692 2978 in
1760 2920 2066 2981 civitatem

145 3035 237 3089 495
262 3017 483 3077 mittat.
598 3017 713 3076 His
769 3015 988 3076 Caesar
1042 3016 1299 3094 imperat
1354 3016 1593 3076 obsides
1648 3017 2062 3095 quadraginta,
