2310 3485
460 212 820 269 CAESAR'S
862 214 1262 275 JNVASION,
1300 215 1403 269 OF
1444 215 1800 270 BRITAIN.
1954 222 2029 280 15

225 380 561 454 Britannia,
633 380 738 441 sed
808 382 940 461 pari
995 383 1191 461 spatio
1261 383 1647 444 transmissus
1718 390 1898 462 atque
1954 405 2031 444 ex

225 477 425 538 Gallia
469 485 560 539 est
603 479 667 539 in
712 479 1103 539 Britanniam.
1193 480 1268 540 In
1311 481 1424 540 hoc
1468 481 1666 541 medio
1722 501 1895 542 cursu
1941 489 2032 543 est
2058 494 2152 558 385

223 575 440 648 insula,
491 596 641 655 quae
690 576 1025 655 appellatur
1078 577 1299 637 Mona:
1355 579 1685 656 complures
1725 586 2032 657 praeterea

224 672 452 734 insulae
521 674 779 734 minores
852 674 1154 752 subjectae
1226 695 1351 734 esse
1414 676 1874 738 existimantur:
1953 677 2029 737 de

223 770 441 848 quibus
501 771 713 830 insulis
769 770 1045 831 nonnulli
1101 772 1472 850 scripserunt
1527 772 1654 833 dies
1711 774 2028 835 continuos

223 868 478 946 triginta
505 868 615 928 sub
637 869 848 929 bruma
869 889 996 929 esse
1017 876 1271 930 noctem.
1358 868 1472 936 37.
1516 871 1644 931 Nos
1672 871 1825 931 nihil
1852 872 1928 933 de
1957 892 2027 933 eo

221 966 772 1042 percontationibus
827 966 1285 1045 reperiebamuS,
1335 967 1452 1026 nisi
1508 968 1685 1028 certis
1741 989 1817 1029 ex
1874 971 2027 1048 aqua
2054 993 2151 1044 390

221 1062 515 1122 mensuris
570 1063 869 1123 breviores
924 1083 1050 1123 esse
1105 1082 1287 1140 quam
1334 1062 1411 1122 in*
1447 1064 1781 1125 continenti
1820 1073 2026 1126 noctes

221 1159 584 1220 videbamus,
702 1160 903 1239 Hujus
958 1160 1164 1220 lateris
1219 1167 1310 1220 est
1370 1161 1699 1243 longitudp,
1770 1170 1842 1224 ut
1907 1163 2027 1225 fert

220 1255 461 1316 illorum
515 1256 731 1335 opini0‚
799 1257 1314 1336 septingentorum
1379 1257 1652 1318 millium.
1756 1260 2025 1320 Tertium

221 1358 315 1412 est
357 1360 566 1413 contra
608 1354 1087 1432 septentriones:
1129 1355 1227 1414 cui
1267 1354 1428 1433 parti
1470 1355 1637 1416 nulla
1669 1363 1762 1416 est
1789 1357 2025 1435 objecta

219 1456 395 1523 terra,
429 1450 534 1511 sed
563 1452 693 1530 ejus
728 1450 978 1529 angulus
1006 1451 1213 1512 lateris
1241 1452 1503 1512 maxime
1532 1452 1609 1512 ad
1637 1453 2023 1514 Germaniam
2051 1479 2145 1531 395

220 1555 466 1627 spectat.
551 1548 685 1608 Hoc
740 1548 928 1609 millia
982 1569 1265 1628 passuum
1319 1549 1669 1628 octingenta
1716 1550 1780 1610 in
1835 1552 2022 1632 longi-

219 1646 493 1707 tudinem
540 1666 666 1707 esse
722 1646 1117 1707 existimatur.
1205 1646 1304 1706 Ita
1342 1647 1539 1707 omnis
1585 1647 1785 1710 insula
1825 1655 1918 1709 est
1957 1650 2021 1709 in

220 1742 472 1804 circuitu
498 1742 678 1804 vicies
708 1750 951 1804 centum
978 1744 1237 1804 millium
1263 1764 1568 1823 passuum.

300 1840 647 1901 Britanniae
673 1861 811 1920 pars
837 1842 1086 1902 interior
1113 1842 1191 1902 ab
1219 1841 1292 1901 iis
1328 1842 1621 1918 incolitur,
1655 1864 1807 1923 quos
1847 1850 2021 1906 natos

220 1958 346 1999 esse
387 1938 451 1998 in
492 1938 686 1998 insula
725 1939 841 2018 ipsi
883 1938 1131 2000 dicunt:
1175 1939 1477 1999 maritima
1516 1974 1583 2015 11„
1606 1974 1904 2026 inhabitants,
1930 1976 2021 2017 and
2046 1969 2143 2017 400

217 2057 355 2116 pars
410 2037 486 2097 ab
539 2036 631 2109 iis,
702 2037 806 2115 qui
874 2036 1130 2115 praedae
1201 2057 1267 2097 ac
1336 2038 1479 2098 belli
1520 2025 1747 2075 prmum·

217 2133 513 2194 inferendi
538 2135 714 2194 causa
741 2154 818 2193 ex
845 2134 1046 2213 Belgis
1073 2135 1480 2196 transierunt:
1503 2135 1632 2215 (qui
1661 2155 1869 2195 omnes
1894 2134 2019 2195 fere

217 2232 290 2291 iis
337 2232 682 2292 nominibus
731 2231 1045 2292 civitatum
1090 2232 1487 2311 appellantur,
1520 2233 1739 2311 quibus
1782 2232 1901 2293 orti
1941 2253 2019 2293 ex

216 2329 559 2389 civitatibus
577 2332 646 2389 eo
667 2332 1120 2408 pervenerunt):
1166 2335 1243 2403 et,
1265 2329 1421 2390 bello
1438 2329 1623 2403 illato,
1647 2330 1734 2390 ibi
1750 2349 2019 2407 perman-

217 2432 440 2501 serunt,
473 2433 651 2505 atque
679 2447 850 2505 agros
879 2427 1069 2488 colere
1099 2434 1436 2504 coeperunt.
1524 2426 1645 2491 38.
1685 2427 2016 2487 Hominum
2042 2452 2140 2507 405

217 2529 308 2583 est
362 2524 599 2583 infinita
643 2523 988 2598 multitudo,
1042 2524 1516 2603 creberrimaque
1566 2524 1847 2599 aedificia,
1891 2525 2016 2587 fere

217 2619 460 2680 Gallicis
509 2621 876 2696 consimilia3
939 2641 1219 2699 pecorum
1264 2641 1514 2700 magnus
1569 2628 1661 2682 est
1714 2642 2011 2683 numerus.

217 2716 495 2777 Utuntur
534 2723 639 2777 aut
666 2737 799 2778 aere
828 2724 934 2777 aut
961 2717 1132 2778 taleis
1159 2717 1365 2779 ferreis
1403 2717 1479 2778 ad
1512 2724 1739 2778 certum
1780 2718 2016 2797 pondus

216 2814 572 2875 examinatis
625 2835 733 2893 pro
802 2834 1060 2875 numm0.
1189 2816 1473 2876 Nascitur
1546 2816 1631 2876 ibi
1698 2803 2014 2895 plumbum

215 2912 418 2972 album
472 2912 537 2971 in
592 2913 1042 2973 mediterraneis
1110 2913 1495 2991 regionibus:
1564 2913 1629 2973 in
1696 2914 2012 2974 maritimis
2038 2940 2138 2989 410

213 3009 455 3082 ferrum,
515 3009 620 3069 sed
675 3009 805 3088 ejus
861 3010 1078 3088 exigua
1142 3017 1234 3070 est
1290 3010 1498 3088 copia:
1569 3030 1702 3071 aere
1757 3017 2013 3071 utuntur

1095 3105 1134 3149 o
