2310 3485
300 238 340 297 4
528 234 762 290 GAESA
774 235 884 290 R’S
928 237 1027 290 IN
1037 236 1121 290 VA
1133 235 1321 290 SION
1365 235 1468 290 OF
1506 236 1857 291 BRITAIN.

391 404 602 463 Postea
628 409 691 463 et
716 408 966 463 ventum
994 409 1055 463 et
1082 409 1313 464 aestum
1329 424 1449 465 uno
1470 411 1736 483 tempore
1763 402 2091 465 secundum

296 501 656 563 nanciscitur
676 522 690 560 ε
1239 504 1246 507 ’

377 599 610 678 signum
639 595 810 656 dedit
837 602 898 657 et
925 616 1172 657 ancorae
1200 597 1468 659 sublatae
1495 606 1653 660 sunt.

209 698 274 748 80
378 696 486 761 10.
531 694 688 754 Tum
714 693 948 754 circiter
973 694 1164 754 millia
1188 715 1469 773 passuum
1495 703 1725 776 septem
1753 698 1829 758 ab
1857 717 1928 759 eo
1964 696 2092 757 loco

296 813 639 872 progressus
669 798 776 865 est,

377 899 439 952 et
464 910 646 951 naves
673 890 737 949 in
764 896 970 968 aperto
998 910 1066 950 ac
1091 890 1271 969 plano
1297 891 1473 952 litore
1500 892 1827 954 constituit.

375 998 464 1057 At
487 995 725 1056 barbari
751 995 1064 1055 consilium
1091 996 1499 1056 Romanorum
1527 1004 1924 1076 cognoscunt:

208 1184 272 1250 85
295 1135 586 1237 {ssfitfflwm
601 1133 727 1176 show
833 1188 876 1249 h
910 1093 1244 1248 equitiatum
1261 1100 1323 1153 et
1339 1093 1663 1154 essedarios
1679 1096 2093 1252 pgsserpittunt:

412 1215 424 1228 ·
878 1209 946 1250 oc
1019 1210 1059 1269 p
1085 1210 1370 1269 erumque
1432 1210 1650 1270 genere
1818 1213 1839 1251 1
1870 1213 1961 1254 lae
2030 1214 2094 1253 1n

295 1285 534 1364 proeliis
573 1285 666 1345 uti
698 1293 1105 1347 consuescunt.

375 1383 587 1462 Itaque
627 1384 925 1445 subsecuti
963 1384 1209 1463 reliquis
1250 1383 1433 1463 copiis
1480 1391 1715 1446 nostros
1762 1406 1796 1447 e
1844 1386 2094 1446 navibus

297 1482 498 1562 egredi
523 1483 858 1561 prohibent.

378 1581 470 1645 11.
514 1581 662 1642 Erat
688 1581 764 1642 ob
792 1581 899 1642 has
928 1602 1132 1643 causas
1161 1602 1393 1643 summa
1418 1582 1769 1645 difficultas:

207 1696 275 1747 90
375 1698 557 1739 naves
583 1685 829 1759 propter
867 1680 1345 1761 magnitudinem
1385 1680 1501 1740 nisi
1541 1681 1605 1741 in
1647 1681 1769 1742 alto
1811 1681 2093 1742 constitui

295 1797 417 1838 non
445 1784 758 1857 poterant:

374 1874 665 1935 militibus
691 1876 912 1936 nostris
938 1876 1067 1937 loca
1091 1876 1299 1955 ignota
1326 1883 1533 1938 erant:

377 1992 588 2032 manus
618 1992 822 2034 eorum
848 1973 1173 2052 impeditae
1202 1981 1409 2035 erant:

375 2070 492 2148 ipsi
519 2089 736 2149 magno
765 2077 826 2131 et
852 2071 1023 2149 gravi
1049 2090 1229 2131 onere
1257 2090 1557 2131 armorum
1584 2072 1851 2150 oppressi
1879 2082 2067 2139 erant.

207 2180 272 2236 95
377 2166 599 2227 Hostes
637 2174 838 2227 autem
876 2174 981 2227 aut
1018 2187 1094 2228 ex
1132 2167 1299 2227 arido
1344 2175 1450 2228 aut
1491 2167 1736 2247 paulum
1775 2169 1841 2229 in
1882 2190 2095 2249 aquam

295 2265 589 2344 progressi
618 2263 900 2324 audacter
925 2264 1047 2325 tela
1074 2265 1494 2342 conjecerunt:

377 2370 439 2423 et
467 2382 648 2441 equos
676 2361 1034 2422 insuefactos
1061 2361 1479 2423 incitaverunt.

379 2459 480 2524 12.
501 2458 730 2534 Quibus
745 2459 925 2519 rebus
941 2460 1131 2519 nostri
1140 2461 1460 2538 perterriti,
1473 2468 1653 2540 atque
1661 2461 1843 2541 hujus
1854 2462 2095 2523 omnino

295 2557 526 2637 generis
544 2576 777 2636 pugnae
793 2557 1073 2635 imperiti,
1094 2578 1218 2617 non
1238 2557 1414 2619 solita
1429 2558 1734 2620 alacritate
1754 2559 2093 2621 utebantur.

182 2668 273 2707 ιοο
881 2650 1057 2727 Quod
1076 2654 1184 2714 ubi
1211 2654 1431 2715 Caesar
1450 2655 1889 2730 animadvertit,
1915 2676 2096 2717 naves

295 2710 800 2851 Ξιὲἓὶεὲἒωῗέᾃέζὲἒὲ
840 2750 1047 2830 longas
1087 2751 1334 2830 paulum
1373 2754 1666 2813 removeri
1707 2752 1782 2813 ab
1811 2753 2095 2813 onerariis

294 2861 462 2903 bearet.
841 2848 1110 2924 navibuS,
1185 2856 1246 2910 et
1313 2850 1490 2910 remis
1560 2850 1811 2924 incitari,
1886 2856 1948 2910 et
2019 2849 2096 2910 ad

293 2944 450 3007 latus
499 2953 772 3025 apertum
810 2945 1075 3007 hostium
1117 2945 1417 3019 constitui,
1465 2952 1644 3025 atque
1690 2944 1831 3006 inde
1872 2945 2091 3020 fundis,

295 3042 544 3122 sagittis,
582 3043 898 3104 tormentis
939 3042 1140 3103 hostes
1181 3042 1433 3121 propelli
1474 3062 1541 3102 ac
1578 3043 1936 3103 summoveri
1971 3043 2091 3122 jus-
