2310 3485
404 939 786 1003 CAESAR'S
826 940 1233 1002 INVASION
1275 940 1379 1002 OF
1419 937 1783 1002 BRITAIN.
1881 1006 1892 1013 „

282 1235 333 1301 1.
379 1235 423 1296 J
425 1255 521 1295 am
548 1233 765 1314 exigua
790 1253 927 1312 pars
955 1232 1197 1293 aestatis
1223 1232 1453 1311 reliqua
1477 1232 1630 1292 fuit:

281 1332 499 1394 Caesar
531 1338 734 1392 tamen
774 1331 839 1390 in
875 1330 1251 1391 Britanniam
1290 1332 1462 1409 profi·
1503 1369 1660 1410 caesar
1675 1367 1830 1408 makes
1851 1367 1998 1418 inqui·

199 1430 337 1490 cisci
364 1427 611 1489 statuit:
1503 1420 1591 1459 ¹4⁶⁸
1607 1419 1745 1459 ’Μή
1761 1418 1948 1458 Britain.

279 1525 555 1586 Britanni
603 1525 667 1585 in
716 1524 992 1584 omnibus
1033 1524 1158 1585 fere
1199 1524 1442 1585 Gallicis
1484 1525 1655 1586 bellis
1705 1525 1995 1586 auxilium

202 1624 472 1687 hostibus
497 1623 717 1683 nostris
746 1621 1360 1683 subministraverant.
2058 1635 2085 1689 5

280 1720 344 1787 2.
393 1720 513 1783 Sed
545 1720 739 1800 primo
778 1739 966 1800 genus
1008 1719 1336 1794 hominum,
1368 1719 1511 1795 loca,
1543 1728 1768 1800 portuS,
1800 1721 1998 1782 aditus

200 1838 548 1900 cognoscere
577 1818 829 1879 statuit:

279 1919 424 1978 haec
451 1916 653 1977 omnia
678 1915 802 1976 fere
830 1914 1020 1976 Gallis
1049 1922 1221 1976 erant
1246 1915 1563 1995 incognita.

278 2011 473 2072 Nemo
503 2010 678 2083 enim,
711 2016 948 2088 praeter
974 2016 1347 2082 mercatores,
1377 2010 1480 2070 illo
1508 2010 1659 2071 adiit
1683 2034 1697 2072 z

279 2128 472 2187 neque
499 2107 573 2167 iis
613 2106 759 2185 ipsis
791 2105 1122 2185 quidquam
1159 2114 1394 2185 praeter
1434 2127 1599 2168 oram
1639 2108 2000 2169 maritimam
2029 2122 2089 2160 10

200 2215 409 2268 notum
439 2211 544 2267 est.

279 2303 347 2368 3.
392 2303 604 2380 Itaque
634 2307 991 2362 mercatores
1019 2289 1096 2361 ad
1124 2320 1188 2361 se
1217 2308 1523 2363 convocat.

280 2399 400 2460 Sed
455 2419 525 2460 ea
571 2418 723 2478 quae
763 2398 1024 2458 maxime
1065 2417 1415 2477 cognoscere
1465 2399 1721 2475 volebat,
1770 2401 2000 2462 insulae

201 2496 691 2577 magnitudinem,
735 2494 1062 2555 incolarum
1103 2515 1306 2574 genus,
1337 2515 1512 2555 usum
1552 2496 1710 2571 belli,
1742 2498 1999 2576 reperire

200 2615 319 2656 non
346 2600 599 2673 poterat.
2031 2619 2052 2656 1
2062 2616 2089 2670 5

279 2691 342 2753 O.
375 2691 745 2752 Volusenum
775 2710 909 2749 cum
935 2689 1076 2749 navi
1104 2688 1285 2767 longa
1309 2690 1678 2767 praemittit:

277 2786 403 2863 ipse
432 2793 633 2845 autem
662 2803 797 2843 cum
826 2782 1101 2843 omnibus
1128 2783 1250 2841 suis
1279 2782 1462 2860 copiis
1576 2800 1661 2840 His
1678 2801 1995 2852 prepmtions.

204 2882 263 2942 in
290 2882 557 2942 Morinos
586 2881 1004 2959 proficiscitur:

278 2977 415 3038 inde
445 2985 574 3038 erat
599 2977 981 3037 brevissimus
1008 2977 1073 3036 in
1100 2976 1476 3036 Britanniam
1504 2977 1803 3053 traiectus.

279 3075 343 3140 4.
392 3075 528 3134 Huc
555 3094 738 3134 naves
766 3074 1031 3150 undique
1059 3074 1263 3133 venire
1289 3073 1497 3150 jubet:
2025 3101 2089 3137 20
