2310 3485
407 256 765 312 CAESAR’S
808 255 1202 310 INVASION
1247 256 1350 311 OF
1390 256 1745 313 BRITAIN.
1892 258 1971 319 13

169 431 332 500 runt,
356 425 552 486 locum
592 425 751 486 nacti
786 425 1020 505 egregie
1041 432 1104 486 et
1122 431 1340 487 natura
1356 431 1418 486 et
1439 445 1615 506 opere
1635 424 1935 486 munitum
1962 447 1975 485 ε

167 543 329 595 nam,
361 522 581 583 crebris
609 522 920 583 arboribus
949 523 1203 598 succisiS‚
1236 543 1442 584 omnes
1483 523 1765 584 introitus
1807 529 1977 584 erant

159 620 476 698 praeclusi.
563 619 688 700 Ipsi
705 640 782 680 ex
799 619 964 680 silvis
985 620 1104 680 rari
1125 621 1599 701 propugnabant,
1624 628 1976 700 nostrosque
2002 641 2098 692 330

167 718 333 777 intra
399 717 760 778 munitiones
821 717 1054 797 ingredi
1109 718 1525 797 prohibebant.
1611 719 1701 779 At
1755 719 1976 779 milites

168 815 424 894 legionis
466 815 768 894 septimae,
805 815 1109 876 testudine
1149 816 1323 889 facta,
1355 824 1417 876 et
1444 836 1656 896 aggere
1684 815 1762 878 ad
1789 815 1979 877 muni-

168 913 369 973 tiones
424 912 676 991 adjecto‚
734 912 931 973 locum
987 921 1274 992 ceperunt
1299 919 1313 975 Ξ
1384 933 1599 993 eosque
1667 933 1746 975 ex
1813 915 1978 975 silvis

170 1011 549 1089 expulerunt,
581 1011 781 1090 paucis
824 1011 1171 1072 vulneribus
1199 1011 1468 1090 acceptis.
1554 1012 1676 1073 Sed
1701 1031 1800 1072 eos
1834 1011 1981 1092 fugi-

137 1143 142 1148 ·
170 1115 343 1168 entes
358 1107 592 1186 longius
614 1107 833 1169 Caesar
851 1110 1129 1188 prosequi
1150 1110 1345 1170 vetuit
1371 1133 1384 1170 :
1411 1130 1552 1170 nam
1571 1111 1687 1172 loci
1704 1121 1979 1172 naturam
2004 1131 2033 1182 3
2039 1131 2066 1182 3
2072 1133 2097 1183 5

171 1205 524 1284 ignorabat:
592 1225 808 1285 magna
860 1226 998 1285 pars
1052 1206 1174 1266 diei
1226 1207 1351 1285 jam
1406 1217 1758 1289 consumpta
1811 1215 1940 1270 erat
1962 1231 1980 1284 3

172 1303 499 1363 munitioni
527 1311 854 1364 castrorum
882 1312 1118 1384 tempus
1146 1305 1406 1384 relinqui
1432 1306 1685 1367 volebat.

244 1401 365 1465 33.
393 1401 642 1461 Postero
661 1401 757 1462 die
775 1422 965 1474 mane,
981 1403 1288 1483 tripartito
1311 1403 1532 1464 milites
1550 1404 1897 1483 equitesque
1914 1406 1977 1469 in

177 1532 307 1573 Nox,
322 1531 409 1582 day
428 1531 486 1571 he
515 1532 555 1572 1„
580 1543 676 1583 pre-
718 1501 1163 1579 expeditionem
1204 1501 1384 1576 misit,
1415 1508 1486 1561 ut
1527 1522 1642 1576 eos,
1688 1502 1792 1580 qui
1818 1503 1980 1582 fuge-

175 1582 477 1683 ζζῐὶῗξῐξζξξ
526 1583 676 1673 ἓξὲξ
716 1605 867 1671 rant,
892 1605 1405 1676 persequerentur.
1491 1599 1576 1658 Hi
1604 1599 1977 1679 aliquantum
2005 1622 2097 1672 340

174 1683 508 1785 333¹ssssdess
520 1683 677 1785 ξθὲζιιζ
715 1695 947 1757 itineris
988 1698 1285 1777 progressi
1327 1705 1484 1771 sunt,
1525 1704 1586 1760 et
1625 1699 1750 1778 jam
1791 1719 1977 1780 paene

175 1785 227 1825 ¹¹²
243 1785 323 1825 *⁴¹²⁶
340 1785 486 1835 ¹²¹⁸h‘·
717 1801 889 1854 erant
961 1794 1026 1854 in
1085 1803 1406 1875 prospectu
1486 1796 1792 1874 hostium;
1873 1799 1978 1859 sed

177 1893 407 1971 equites
477 1913 512 1952 a
581 1890 650 1966 Q.
723 1892 899 1952 Atrio
969 1892 1046 1952 ad
1118 1892 1432 1954 Caesarem
1503 1902 1815 1971 venerunt,
1874 1897 1977 1975 qui

176 1991 526 2052 nuntiarent
594 1990 897 2070 superiore
938 1998 1129 2065 nocte,
1178 1992 1440 2052 maxima
1482 1995 1683 2053 coorta
1729 2001 1979 2075 tempes-

177 2096 317 2162 tate,
375 2107 561 2167 prope
616 2107 821 2148 omnes
894 2107 1077 2148 naves
1132 2090 1379 2149 afflictas
1435 2097 1614 2169 atque
1681 2092 1747 2152 in
1802 2092 1979 2154 litore
2003 2110 2098 2165 345

176 2185 397 2264 ejectas
426 2204 571 2258 esse,
593 2184 754 2263 quod
774 2205 969 2263 neque
988 2205 1236 2246 ancorae
1256 2186 1544 2266 funesque
1565 2189 1973 2266 subsisterent,

177 2302 369 2361 neque
412 2289 631 2342 nautae
679 2282 1228 2361 gubernatoresque
1268 2284 1394 2343 vim
1430 2287 1802 2363 tempestatis
1851 2288 1978 2367 pati

180 2386 453 2459 possent:
495 2379 699 2457 itaque
756 2400 832 2440 ex
903 2400 972 2441 eo
1031 2401 1320 2441 concursu
1378 2383 1624 2443 navium
1694 2405 1978 2464 magnum

177 2477 618 2538 incommodum
648 2498 773 2538 esse
803 2486 1111 2557 acceptum
1138 2480 1440 2541 dixerunt.

257 2575 375 2640 34.
405 2575 519 2634 His
536 2575 712 2635 rebus
729 2576 998 2654 cognitiS,
1011 2576 1231 2638 Caesar
1246 2578 1510 2657 legiones
1528 2580 1978 2659 equitatumque
2002 2600 2099 2655 350

177 2685 389 2733 Working
425 2684 560 2734 night
592 2678 683 2724 and
724 2674 986 2733 revocari
1042 2681 1222 2752 atque
1293 2675 1359 2734 in
1426 2676 1639 2736 itinere
1702 2678 1976 2740 resistere

179 2737 264 2785 day
281 2735 350 2775 for
367 2737 445 2774 ten
459 2734 583 2785 days,
604 2734 683 2774 the

86 2793 93 2798 =
168 2784 377 2825 'Romans
400 2786 548 2834 repair
563 2784 685 2825 their
723 2769 914 2848 jubet,
942 2771 1069 2849 ipse
1098 2771 1176 2831 ad
1197 2793 1379 2833 naves
1399 2776 1740 2835 revertitur:
1769 2777 1972 2836 eadem

179 2836 281 2875 fleet
315 2835 517 2875 whichis
542 2834 683 2885 safely
1497 2871 1531 2884 ..
1668 2873 1679 2885 .
1811 2874 1824 2887 .

180 2885 389 2927 beaehed.
723 2867 863 2943 fere,
936 2889 1086 2947 quae
1177 2890 1252 2929 ex
1336 2878 1565 2931 nuntus
1639 2872 1974 2953 lltterlsque

180 2972 551 3043 cognoverat,
601 2984 795 3025 coram
841 2966 1157 3044 perspicit:
1215 2988 1398 3027 naves
1443 2968 1676 3029 circiter
1729 2972 1975 3049 quadrae

182 3063 345 3140 ginta
404 3069 573 3121 erant
634 3060 917 3122 amissae:
986 3063 1248 3125 relicuae
1318 3070 1519 3125 tamen
1580 3068 1739 3125 refici
1804 3089 1974 3146 posse
2001 3098 2094 3151 355
