2310 3485
272 197 354 259 16
498 194 861 250 CAESAR’S
904 196 1002 251 IN
1012 196 1296 252 VASION
1301 226 1304 227 ν
1341 196 1444 251 OF
1485 198 1841 256 BRITAIN.

267 361 604 440 importat0.
708 363 968 424 Materia
1012 365 1301 444 cujusque
1350 366 1601 445 generis,
1644 374 1716 428 ut
1762 367 1824 428 in
1876 366 2073 428 Gallia

269 463 375 532 est,
405 465 644 537 praeter
682 459 888 538 fagum
916 468 1094 540 atque
1137 463 1412 524 abietem.
1499 463 1793 543 Leporem
1820 471 1883 525 et
1908 463 2075 543 galli-

267 575 407 615 nam
436 562 499 615 et
525 576 795 617 anserem
822 565 1064 636 gustare
1090 560 1181 620 fas
1223 581 1346 621 non
1379 569 1599 640 putant
1624 586 1637 623 :
1678 562 1824 622 haec
1865 569 2071 622 tamen

144 670 241 725 415
267 651 439 712 alunt
465 653 650 712 animi
677 654 1123 735 voluptatisque
1154 660 1342 718 causa.
1430 658 1589 719 Loca
1614 666 1757 719 sunt
1783 666 2067 738 tempera·

266 749 422 809 tiora
448 770 631 828 quam
657 751 722 810 in
751 751 963 826 Gallia,
995 754 1432 816 remissioribus
1460 756 1797 834 frigoribus.

348 847 469 911 39.
516 848 612 908 Ex
645 848 740 908 his
781 852 1060 929 gentibus
1099 852 1277 932 longe
1318 861 1461 914 sunt
1494 854 1925 929 humanissimi,
1966 854 2072 934 qui

267 977 478 1017 uanum
526 978 617 1018 and
673 990 769 1018 eus-
811 948 1097 1009 Cantium
1112 951 1412 1011 incolunt:
1441 972 1593 1031 quae
1608 953 1772 1032 regio
1790 959 1883 1012 est
1899 954 2075 1013 mari·

266 1028 386 1067 tome
403 1028 449 1068 ⁰¹
466 1028 545 1069 the
564 1029 762 1069 Erum*
809 1049 960 1108 tima
996 1050 1208 1122 omnis,
1239 1069 1433 1128 neque
1473 1051 1731 1111 multum
1765 1072 1801 1112 a
1842 1051 2073 1113 Gallica

143 1158 243 1207 420
267 1147 555 1208 differunt
583 1148 1031 1210 consuetudine.
1116 1147 1442 1209 Interiores
1468 1147 1736 1228 plerique
1767 1149 2073 1210 frumenta

265 1265 388 1305 non
409 1252 633 1318 serunt,
659 1246 766 1306 sed
794 1246 949 1305 lacte
978 1251 1042 1305 et
1068 1265 1244 1305 carne
1273 1246 1504 1320 vivunt,
1527 1246 1899 1325 pellibusque
1928 1254 2073 1307 sunt

265 1344 486 1405 vestiti.
574 1343 798 1405 Omnes
825 1363 969 1404 vero
997 1363 1060 1403 se
1087 1342 1369 1403 Britanni
1397 1344 1555 1404 vitro
1583 1344 1874 1417 inficiunt,
1907 1344 2069 1423 quod

264 1440 599 1501 caeruleum
641 1441 820 1501 efficit
861 1440 1133 1513 colorem,
1169 1447 1349 1518 atque
1391 1441 1503 1500 hoc
1531 1439 1895 1501 horridiores
1924 1449 2069 1502 sunt

263 1538 328 1598 in
394 1542 597 1618 pugna
665 1545 909 1617 aspectu
931 1560 949 1612 ;
1020 1537 1301 1616 capillum
1371 1537 1599 1598 habent
1666 1539 2025 1617 promissum
2050 1562 2069 1615 ;

146 1643 238 1696 425
265 1656 503 1697 omnem
558 1636 821 1714 corporis
876 1642 1113 1714 partem
1181 1643 1421 1714 praeter
1476 1642 1657 1715 caput
1712 1642 1776 1696 et
1832 1636 2068 1696 labrum

263 1734 533 1814 superius
563 1733 798 1794 radunt.

342 1832 590 1911 Equites
634 1831 899 1892 hostium
946 1832 1348 1911 essedariique
1397 1831 1611 1892 acriter
1657 1832 1885 1911 proelio
1932 1854 2069 1894 cum

264 1947 338 1987 An
392 1944 638 1985 indecisive
691 1954 765 1983 en·
806 1931 1076 2009 equitatu
1141 1936 1349 1990 nostro
1416 1930 1481 1989 in
1547 1930 1762 1991 itinere
1828 1932 2070 1992 conflix-

263 1996 503 2086 ῗι-ῗῖοῗῗή
535 1994 650 2034 with
683 1994 764 2035 the
805 2035 1010 2089 erunt:
1066 2029 1259 2088 nostri
1301 2035 1505 2087 tamen
1559 2028 1835 2088 omnibus
1889 2030 2070 2107 parti-

143 2144 239 2195 430
264 2130 374 2190 bus
416 2128 749 2207 superiores
789 2127 1052 2199 fuerunt,
1081 2131 1261 2203 atque
1303 2145 1403 2185 eos
1444 2126 1510 2184 in
1550 2125 1730 2186 silvas
1772 2126 2068 2205 collesque

263 2222 713 2301 compulerunt:
761 2220 886 2292 sed,
937 2219 1341 2298 compluribus
1389 2218 1734 2292 interfectis,
1794 2220 2068 2298 cupidius

262 2320 518 2380 insecuti
564 2317 884 2379 nonnullos
933 2337 1010 2378 ex
1057 2317 1181 2376 suis
1230 2316 1575 2376 amiserunt.
1653 2316 1779 2380 40.
1824 2317 1913 2377 At
1959 2318 2065 2393 illi,

262 2417 602 2477 intermisso
671 2417 882 2496 spati0,
958 2415 1158 2475 subito
1228 2435 1290 2474 se
1358 2435 1435 2475 ex
1503 2414 1669 2474 silvis
1743 2414 2066 2492 ejecerunt,

262 2514 674 2592 impetumque
716 2514 782 2573 in
837 2533 936 2574 eos
990 2512 1277 2586 fecerunt,
1322 2512 1427 2590 qui
1476 2518 1648 2572 erant
1694 2511 1760 2570 in
1809 2512 2068 2574 statione

141 2628 238 2682 435
263 2631 371 2689 pro
435 2612 642 2672 castris
706 2610 992 2671 collocati.
1106 2608 1318 2668 Nostri
1386 2617 1588 2670 autem
1655 2609 2068 2687 imprudentes

264 2715 437 2769 erant
479 2715 658 2787 atque
687 2709 750 2767 in
790 2706 1124 2767 munitione
1152 2713 1484 2766 castrorum
1512 2706 1783 2785 occupati
1809 2730 1822 2767 :
1864 2707 2068 2769 hostes

263 2807 480 2867 acriter
515 2811 974 2886 pugnaverunt:
1024 2811 1102 2878 et,
1131 2804 1356 2863 nostris
1383 2824 1540 2864 novo
1572 2824 1791 2882 genere
1832 2825 2067 2884 pugnae

261 2904 612 2982 perterritiS,
644 2924 754 2982 per
779 2902 1007 2963 medios
1035 2900 1423 2961 audacissime
1451 2912 1865 2980 perruperunt,
1888 2922 2066 2981 seque

261 3004 402 3066 inde
464 3006 789 3065 incolumes
858 3008 1228 3079 receperunt.
1340 3001 1428 3061 Eo
1497 3000 1593 3061 die
1650 3000 1716 3074 Q„
1777 3001 2065 3062 Laberius
