<?xml version="1.0" encoding="UTF-8"?>
<!DOCTYPE html PUBLIC "-//W3C//DTD XHTML 1.0 Transitional//EN"
    "http://www.w3.org/TR/xhtml1/DTD/xhtml1-transitional.dtd">
<html xmlns="http://www.w3.org/1999/xhtml" xml:lang="en" lang="en">
 <head>
  <title>
</title>
<meta http-equiv="Content-Type" content="text/html;charset=utf-8" />
  <meta name='ocr-system' content='tesseract 3.04.00' />
  <meta name='ocr-capabilities' content='ocr_page ocr_carea ocr_par ocr_line ocrx_word'/>
</head>
<body>
  <div class='ocr_page' id='page_1' title='image "./caesarsinvasion01caesgoog_0029.png"; bbox 0 0 2310 3485; ppageno 0'>
   <div class='ocr_carea' id='block_1_1' title="bbox 441 270 2008 334">
    <p class='ocr_par' dir='ltr' id='par_1_1' title="bbox 441 270 2008 334">
     <span class='ocr_line' id='line_1_1' title="bbox 441 270 2008 334; baseline -0.001 -8"><span class='ocrx_word' id='word_1_1' title='bbox 441 271 800 328; x_wconf 77' lang='lat' dir='ltr'><em>CAESAR&#39;S</em></span> <span class='ocrx_word' id='word_1_2' title='bbox 843 271 940 325; x_wconf 88' lang='lat' dir='ltr'><strong>IN</strong></span> <span class='ocrx_word' id='word_1_3' title='bbox 952 271 1237 326; x_wconf 77' lang='lat' dir='ltr'><strong><em>VASION</em></strong></span> <span class='ocrx_word' id='word_1_4' title='bbox 1283 270 1387 326; x_wconf 72' lang='grc' dir='ltr'><strong>ΟΡ</strong></span> <span class='ocrx_word' id='word_1_5' title='bbox 1426 271 1783 326; x_wconf 80' lang='lat' dir='ltr'><strong>BRITAIN.</strong></span> <span class='ocrx_word' id='word_1_6' title='bbox 1930 275 2008 334; x_wconf 95' lang='lat'><strong>11</strong></span> 
     </span>
    </p>
   </div>
   <div class='ocr_carea' id='block_1_2' title="bbox 204 437 2133 1480">
    <p class='ocr_par' dir='ltr' id='par_1_2' title="bbox 204 437 2133 1480">
     <span class='ocr_line' id='line_1_2' title="bbox 205 437 2014 519; baseline -0.002 -18"><span class='ocrx_word' id='word_1_7' title='bbox 205 446 574 519; x_wconf 87' lang='lat' dir='ltr'><strong>receperunt.</strong></span> <span class='ocrx_word' id='word_1_8' title='bbox 660 438 889 500; x_wconf 92' lang='lat' dir='ltr'><strong>Eodem</strong></span> <span class='ocrx_word' id='word_1_9' title='bbox 932 437 1030 499; x_wconf 90' lang='lat' dir='ltr'><strong>die</strong></span> <span class='ocrx_word' id='word_1_10' title='bbox 1077 438 1259 518; x_wconf 87' lang='lat' dir='ltr'><strong>legati</strong></span> <span class='ocrx_word' id='word_1_11' title='bbox 1301 439 1376 498; x_wconf 88' lang='lat' dir='ltr'><strong>ab</strong></span> <span class='ocrx_word' id='word_1_12' title='bbox 1417 438 1689 499; x_wconf 77' lang='lat' dir='ltr'>hostibus</span> <span class='ocrx_word' id='word_1_13' title='bbox 1730 439 1894 498; x_wconf 89' lang='lat' dir='ltr'><strong>missi</strong></span> <span class='ocrx_word' id='word_1_14' title='bbox 1937 437 2014 498; x_wconf 90' lang='lat' dir='ltr'><strong>ad</strong></span> 
     </span>
     <span class='ocr_line' id='line_1_3' title="bbox 208 535 2010 615; baseline -0.001 -17"><span class='ocrx_word' id='word_1_15' title='bbox 208 537 524 598; x_wconf 80' lang='lat' dir='ltr'><strong>Caesarem</strong></span> <span class='ocrx_word' id='word_1_16' title='bbox 553 536 628 597; x_wconf 91' lang='lat' dir='ltr'><strong>de</strong></span> <span class='ocrx_word' id='word_1_17' title='bbox 655 557 798 615; x_wconf 87' lang='lat' dir='ltr'><strong>pace</strong></span> <span class='ocrx_word' id='word_1_18' title='bbox 832 542 1142 597; x_wconf 86' lang='lat' dir='ltr'><strong>venerunt.</strong></span> <span class='ocrx_word' id='word_1_19' title='bbox 1232 535 1351 601; x_wconf 88' lang='grc'><strong>28.</strong></span> <span class='ocrx_word' id='word_1_20' title='bbox 1399 536 1512 596; x_wconf 89' lang='lat' dir='ltr'><strong>His</strong></span> <span class='ocrx_word' id='word_1_21' title='bbox 1557 536 1775 597; x_wconf 85' lang='lat' dir='ltr'><strong>Caesar</strong></span> <span class='ocrx_word' id='word_1_22' title='bbox 1813 556 2010 597; x_wconf 90' lang='lat' dir='ltr'><strong>nume-</strong></span> 
     </span>
     <span class='ocr_line' id='line_1_4' title="bbox 204 634 2012 713; baseline -0.003 -18"><span class='ocrx_word' id='word_1_23' title='bbox 204 655 344 695; x_wconf 86' lang='lat' dir='ltr'><strong>rum</strong></span> <span class='ocrx_word' id='word_1_24' title='bbox 361 634 652 708; x_wconf 87' lang='lat' dir='ltr'><strong>obsidum,</strong></span> <span class='ocrx_word' id='word_1_25' title='bbox 664 653 841 713; x_wconf 90' lang='lat' dir='ltr'><strong>quem</strong></span> <span class='ocrx_word' id='word_1_26' title='bbox 860 640 1037 693; x_wconf 88' lang='lat' dir='ltr'><strong>antea</strong></span> <span class='ocrx_word' id='word_1_27' title='bbox 1052 634 1467 712; x_wconf 86' lang='lat' dir='ltr'><strong>imperaverat,</strong></span> <span class='ocrx_word' id='word_1_28' title='bbox 1513 651 1603 694; x_wconf 60' lang='lat' dir='ltr'><strong>&#39;rba</strong></span> <span class='ocrx_word' id='word_1_29' title='bbox 1671 651 1852 691; x_wconf 67' lang='lat' dir='ltr'><strong>Britons</strong></span> <span class='ocrx_word' id='word_1_30' title='bbox 1919 662 2012 690; x_wconf 79' lang='lat' dir='ltr'><strong>sur-</strong></span> 
     </span>
     <span class='ocr_line' id='line_1_5' title="bbox 205 701 2133 813; baseline 0 -21"><span class='ocrx_word' id='word_1_31' title='bbox 205 732 570 811; x_wconf 87' lang='lat' dir='ltr'><strong>duplicavit:</strong></span> <span class='ocrx_word' id='word_1_32' title='bbox 612 751 829 810; x_wconf 89' lang='lat' dir='ltr'><strong>eosque</strong></span> <span class='ocrx_word' id='word_1_33' title='bbox 845 731 909 791; x_wconf 93' lang='lat' dir='ltr'><strong>in</strong></span> <span class='ocrx_word' id='word_1_34' title='bbox 939 730 1345 792; x_wconf 89' lang='lat' dir='ltr'><strong>continentem</strong></span> <span class='ocrx_word' id='word_1_35' title='bbox 1374 729 1473 790; x_wconf 89' lang='lat' dir='ltr'><strong>ad-</strong></span> <span class='ocrx_word' id='word_1_36' title='bbox 1511 701 1693 792; x_wconf 60' lang='grc' dir='ltr'><strong>ἶὲῗιῗιῗέἐ</strong></span> <span class='ocrx_word' id='word_1_37' title='bbox 1727 702 2013 792; x_wconf 54' lang='grc' dir='ltr'><strong>ἲέᾶοξιῗιῗω</strong></span> <span class='ocrx_word' id='word_1_38' title='bbox 2039 758 2133 813; x_wconf 86' lang='lat'><strong>275</strong></span> 
     </span>
     <span class='ocr_line' id='line_1_6' title="bbox 205 825 2011 908; baseline -0.002 -19"><span class='ocrx_word' id='word_1_39' title='bbox 205 829 347 889; x_wconf 92' lang='lat' dir='ltr'><strong>duci</strong></span> <span class='ocrx_word' id='word_1_40' title='bbox 371 830 563 908; x_wconf 83' lang='lat' dir='ltr'><strong>jussit.</strong></span> <span class='ocrx_word' id='word_1_41' title='bbox 650 830 805 907; x_wconf 89' lang='lat' dir='ltr'><strong>Ipse,</strong></span> <span class='ocrx_word' id='word_1_42' title='bbox 828 829 1105 889; x_wconf 82' lang='lat' dir='ltr'><strong>idoneam</strong></span> <span class='ocrx_word' id='word_1_43' title='bbox 1133 834 1554 905; x_wconf 78' lang='lat' dir='ltr'><strong>tempestatem</strong></span> <span class='ocrx_word' id='word_1_44' title='bbox 1582 834 1811 900; x_wconf 79' lang='lat' dir='ltr'><strong>nactUS,</strong></span> <span class='ocrx_word' id='word_1_45' title='bbox 1834 825 2011 905; x_wconf 90' lang='lat' dir='ltr'><strong>paulo</strong></span> 
     </span>
     <span class='ocr_line' id='line_1_7' title="bbox 204 924 2010 1006; baseline -0.002 -19"><span class='ocrx_word' id='word_1_46' title='bbox 204 934 346 1006; x_wconf 89' lang='lat' dir='ltr'><strong>post</strong></span> <span class='ocrx_word' id='word_1_47' title='bbox 370 927 628 987; x_wconf 90' lang='lat' dir='ltr'><strong>mediam</strong></span> <span class='ocrx_word' id='word_1_48' title='bbox 654 932 891 986; x_wconf 90' lang='lat' dir='ltr'><strong>noctem</strong></span> <span class='ocrx_word' id='word_1_49' title='bbox 918 945 1100 986; x_wconf 87' lang='lat' dir='ltr'><strong>naves</strong></span> <span class='ocrx_word' id='word_1_50' title='bbox 1128 924 1344 985; x_wconf 87' lang='lat' dir='ltr'><strong>solvit:</strong></span> <span class='ocrx_word' id='word_1_51' title='bbox 1387 944 1538 1003; x_wconf 88' lang='lat' dir='ltr'><strong>quae</strong></span> <span class='ocrx_word' id='word_1_52' title='bbox 1560 944 1765 984; x_wconf 91' lang='lat' dir='ltr'><strong>omnes</strong></span> <span class='ocrx_word' id='word_1_53' title='bbox 1792 924 2010 985; x_wconf 91' lang='lat' dir='ltr'><strong>incolu-</strong></span> 
     </span>
     <span class='ocr_line' id='line_1_8' title="bbox 205 1021 2011 1101; baseline -0.002 -17"><span class='ocrx_word' id='word_1_54' title='bbox 205 1044 333 1085; x_wconf 88' lang='lat' dir='ltr'><strong>mes</strong></span> <span class='ocrx_word' id='word_1_55' title='bbox 361 1024 437 1084; x_wconf 88' lang='lat' dir='ltr'><strong>ad</strong></span> <span class='ocrx_word' id='word_1_56' title='bbox 466 1024 867 1085; x_wconf 91' lang='lat' dir='ltr'><strong>continentem</strong></span> <span class='ocrx_word' id='word_1_57' title='bbox 894 1029 1335 1101; x_wconf 84' lang='lat' dir='ltr'><strong>pervenerunt:</strong></span> <span class='ocrx_word' id='word_1_58' title='bbox 1378 1021 1482 1082; x_wconf 90' lang='lat' dir='ltr'><strong>sed</strong></span> <span class='ocrx_word' id='word_1_59' title='bbox 1512 1042 1587 1082; x_wconf 87' lang='lat' dir='ltr'><strong>ex</strong></span> <span class='ocrx_word' id='word_1_60' title='bbox 1615 1021 1688 1080; x_wconf 87' lang='lat' dir='ltr'><strong>iis</strong></span> <span class='ocrx_word' id='word_1_61' title='bbox 1710 1022 2011 1081; x_wconf 90' lang='lat' dir='ltr'><strong>onerariae</strong></span> 
     </span>
     <span class='ocr_line' id='line_1_9' title="bbox 205 1118 2012 1201; baseline -0.003 -18"><span class='ocrx_word' id='word_1_62' title='bbox 205 1122 362 1183; x_wconf 86' lang='lat' dir='ltr'><strong>duae</strong></span> <span class='ocrx_word' id='word_1_63' title='bbox 414 1128 622 1201; x_wconf 88' lang='lat' dir='ltr'><strong>portus</strong></span> <span class='ocrx_word' id='word_1_64' title='bbox 677 1140 883 1199; x_wconf 83' lang='lat' dir='ltr'><strong>capere</strong></span> <span class='ocrx_word' id='word_1_65' title='bbox 938 1140 1060 1181; x_wconf 91' lang='lat' dir='ltr'><strong>non</strong></span> <span class='ocrx_word' id='word_1_66' title='bbox 1114 1127 1462 1198; x_wconf 88' lang='lat' dir='ltr'><strong>potuerunt,</strong></span> <span class='ocrx_word' id='word_1_67' title='bbox 1514 1127 1577 1179; x_wconf 92' lang='lat' dir='ltr'><strong>et</strong></span> <span class='ocrx_word' id='word_1_68' title='bbox 1628 1118 1807 1198; x_wconf 88' lang='lat' dir='ltr'><strong>paulo</strong></span> <span class='ocrx_word' id='word_1_69' title='bbox 1855 1119 2012 1178; x_wconf 87' lang='lat' dir='ltr'><strong>infra</strong></span> 
     </span>
     <span class='ocr_line' id='line_1_10' title="bbox 205 1221 2132 1283; baseline 0.001 -2"><span class='ocrx_word' id='word_1_70' title='bbox 205 1221 441 1282; x_wconf 73' lang='lat' dir='ltr'><strong>delatae</strong></span> <span class='ocrx_word' id='word_1_71' title='bbox 482 1226 637 1280; x_wconf 91' lang='lat' dir='ltr'><strong>sunt.</strong></span> <span class='ocrx_word' id='word_1_72' title='bbox 2037 1233 2132 1283; x_wconf 86' lang='lat'><strong>280</strong></span> 
     </span>
     <span class='ocr_line' id='line_1_11' title="bbox 289 1315 2005 1397; baseline -0.002 -18"><span class='ocrx_word' id='word_1_73' title='bbox 289 1318 508 1379; x_wconf 86' lang='lat' dir='ltr'><strong>Caesar</strong></span> <span class='ocrx_word' id='word_1_74' title='bbox 519 1319 583 1378; x_wconf 95' lang='lat' dir='ltr'><strong>in</strong></span> <span class='ocrx_word' id='word_1_75' title='bbox 601 1317 799 1397; x_wconf 82' lang='lat' dir='ltr'><strong>Belgis</strong></span> <span class='ocrx_word' id='word_1_76' title='bbox 817 1316 1084 1378; x_wconf 87' lang='lat' dir='ltr'><strong>omnium</strong></span> <span class='ocrx_word' id='word_1_77' title='bbox 1100 1316 1404 1395; x_wconf 86' lang='lat' dir='ltr'><strong>legionum</strong></span> <span class='ocrx_word' id='word_1_78' title='bbox 1420 1316 1670 1376; x_wconf 91' lang='lat' dir='ltr'><strong>hiberna</strong></span> <span class='ocrx_word' id='word_1_79' title='bbox 1679 1315 2005 1376; x_wconf 87' lang='lat' dir='ltr'><strong>constituit.</strong></span> 
     </span>
     <span class='ocr_line' id='line_1_12' title="bbox 206 1413 2010 1480; baseline -0.002 -5"><span class='ocrx_word' id='word_1_80' title='bbox 206 1416 297 1476; x_wconf 90' lang='grc' dir='ltr'><strong>Εὸ</strong></span> <span class='ocrx_word' id='word_1_81' title='bbox 318 1414 469 1475; x_wconf 88' lang='lat' dir='ltr'><strong>duae</strong></span> <span class='ocrx_word' id='word_1_82' title='bbox 492 1415 767 1475; x_wconf 86' lang='lat' dir='ltr'><strong>civitates</strong></span> <span class='ocrx_word' id='word_1_83' title='bbox 790 1435 865 1475; x_wconf 88' lang='lat' dir='ltr'><strong>ex</strong></span> <span class='ocrx_word' id='word_1_84' title='bbox 892 1415 1208 1474; x_wconf 73' lang='lat' dir='ltr'><strong>Britannia</strong></span> <span class='ocrx_word' id='word_1_85' title='bbox 1236 1413 1469 1474; x_wconf 89' lang='lat' dir='ltr'><strong>obsides</strong></span> <span class='ocrx_word' id='word_1_86' title='bbox 1512 1420 1824 1480; x_wconf 69' lang='lat' dir='ltr'><strong>Preparafions</strong></span> <span class='ocrx_word' id='word_1_87' title='bbox 1878 1421 2010 1461; x_wconf 76' lang='lat' dir='ltr'><strong>made</strong></span> 
     </span>
    </p>
   </div>
   <div class='ocr_carea' id='block_1_3' title="bbox 206 1471 2012 1590">
    <p class='ocr_par' dir='ltr' id='par_1_3' title="bbox 206 1471 2012 1590">
     <span class='ocr_line' id='line_1_13' title="bbox 206 1471 2012 1590; baseline -0.004 -17"><span class='ocrx_word' id='word_1_88' title='bbox 206 1514 516 1587; x_wconf 88' lang='lat' dir='ltr'><strong>miserunt,</strong></span> <span class='ocrx_word' id='word_1_89' title='bbox 549 1512 813 1590; x_wconf 89' lang='lat' dir='ltr'><strong>reliquae</strong></span> <span class='ocrx_word' id='word_1_90' title='bbox 857 1510 1267 1590; x_wconf 86' lang='lat' dir='ltr'><strong>neglexerunt.</strong></span> <span class='ocrx_word' id='word_1_91' title='bbox 1353 1510 1446 1570; x_wconf 89' lang='lat' dir='ltr'><strong>Ro</strong></span> <span class='ocrx_word' id='word_1_92' title='bbox 1508 1471 2012 1561; x_wconf 48' lang='grc' dir='ltr'><strong>ἓὲἓῗῖἕὴῗυᾙῖἶῗῗέ</strong></span> 
     </span>
    </p>
   </div>
   <div class='ocr_carea' id='block_1_4' title="bbox 207 1571 2212 3147">
    <p class='ocr_par' dir='ltr' id='par_1_4' title="bbox 207 1571 2212 3147">
     <span class='ocr_line' id='line_1_14' title="bbox 207 1571 2009 1686; baseline -0.004 -16"><span class='ocrx_word' id='word_1_93' title='bbox 207 1630 339 1671; x_wconf 91' lang='lat' dir='ltr'><strong>mae</strong></span> <span class='ocrx_word' id='word_1_94' title='bbox 368 1630 444 1670; x_wconf 84' lang='lat' dir='ltr'><strong>ex</strong></span> <span class='ocrx_word' id='word_1_95' title='bbox 464 1610 677 1671; x_wconf 87' lang='lat' dir='ltr'><strong>litteris</strong></span> <span class='ocrx_word' id='word_1_96' title='bbox 707 1609 973 1670; x_wconf 81' lang='lat' dir='ltr'><strong>Caesaris</strong></span> <span class='ocrx_word' id='word_1_97' title='bbox 995 1607 1229 1669; x_wconf 86' lang='lat' dir='ltr'><strong>dierum</strong></span> <span class='ocrx_word' id='word_1_98' title='bbox 1250 1607 1468 1686; x_wconf 86' lang='lat' dir='ltr'><strong>viginti</strong></span> <span class='ocrx_word' id='word_1_99' title='bbox 1509 1571 2009 1671; x_wconf 51' lang='lat' dir='ltr'><strong>ffnssssvlffiffiffiff⁰</strong></span> 
     </span>
     <span class='ocr_line' id='line_1_15' title="bbox 207 1694 2212 1785; baseline 0.001 -18"><span class='ocrx_word' id='word_1_100' title='bbox 207 1706 563 1785; x_wconf 82' lang='lat' dir='ltr'><strong>supplicatio</strong></span> <span class='ocrx_word' id='word_1_101' title='bbox 590 1725 626 1766; x_wconf 91' lang='lat' dir='ltr'><strong>a</strong></span> <span class='ocrx_word' id='word_1_102' title='bbox 653 1711 864 1766; x_wconf 87' lang='lat' dir='ltr'><strong>senatu</strong></span> <span class='ocrx_word' id='word_1_103' title='bbox 885 1704 1124 1766; x_wconf 93' lang='lat' dir='ltr'><strong>decreta</strong></span> <span class='ocrx_word' id='word_1_104' title='bbox 1144 1712 1250 1765; x_wconf 90' lang='lat' dir='ltr'><strong>est.</strong></span> <span class='ocrx_word' id='word_1_105' title='bbox 1338 1696 1590 1765; x_wconf 78' lang='lat' dir='ltr'><strong>Interim</strong></span> <span class='ocrx_word' id='word_1_106' title='bbox 1611 1725 1793 1766; x_wconf 89' lang='lat' dir='ltr'><strong>naves</strong></span> <span class='ocrx_word' id='word_1_107' title='bbox 1815 1705 2010 1766; x_wconf 87' lang='lat' dir='ltr'><strong>aedifi·</strong></span> <span class='ocrx_word' id='word_1_108' title='bbox 2036 1719 2127 1782; x_wconf 84' lang='lat'><strong>285</strong></span> <span class='ocrx_word' id='word_1_109' title='bbox 2211 1694 2212 1697; x_wconf 22' lang='lat'>¹</span> 
     </span>
     <span class='ocr_line' id='line_1_16' title="bbox 208 1793 2009 1883; baseline -0.001 -19"><span class='ocrx_word' id='word_1_110' title='bbox 208 1805 329 1865; x_wconf 92' lang='lat' dir='ltr'><strong>cari</strong></span> <span class='ocrx_word' id='word_1_111' title='bbox 369 1811 716 1883; x_wconf 87' lang='lat' dir='ltr'><strong>veteresque</strong></span> <span class='ocrx_word' id='word_1_112' title='bbox 743 1803 905 1864; x_wconf 89' lang='lat' dir='ltr'><strong>refici</strong></span> <span class='ocrx_word' id='word_1_113' title='bbox 937 1802 1137 1881; x_wconf 87' lang='lat' dir='ltr'><strong>jubet:</strong></span> <span class='ocrx_word' id='word_1_114' title='bbox 1157 1793 1305 1879; x_wconf 38' lang='lat' dir='ltr'><strong>*ipse</strong></span> <span class='ocrx_word' id='word_1_115' title='bbox 1338 1802 1402 1860; x_wconf 92' lang='lat' dir='ltr'><strong>in</strong></span> <span class='ocrx_word' id='word_1_116' title='bbox 1440 1803 1587 1862; x_wconf 89' lang='lat' dir='ltr'><strong>fines</strong></span> <span class='ocrx_word' id='word_1_117' title='bbox 1628 1802 2009 1863; x_wconf 86' lang='lat' dir='ltr'><strong>Trevirorum</strong></span> 
     </span>
     <span class='ocr_line' id='line_1_17' title="bbox 208 1898 2010 1981; baseline -0.001 -19"><span class='ocrx_word' id='word_1_118' title='bbox 208 1901 506 1981; x_wconf 86' lang='lat' dir='ltr'><strong>profectus</strong></span> <span class='ocrx_word' id='word_1_119' title='bbox 551 1908 657 1975; x_wconf 88' lang='lat' dir='ltr'><strong>est,</strong></span> <span class='ocrx_word' id='word_1_120' title='bbox 706 1900 865 1979; x_wconf 92' lang='lat' dir='ltr'><strong>quod</strong></span> <span class='ocrx_word' id='word_1_121' title='bbox 913 1900 979 1959; x_wconf 93' lang='lat' dir='ltr'><strong>hi</strong></span> <span class='ocrx_word' id='word_1_122' title='bbox 1025 1920 1218 1978; x_wconf 88' lang='lat' dir='ltr'><strong>neque</strong></span> <span class='ocrx_word' id='word_1_123' title='bbox 1267 1898 1344 1958; x_wconf 90' lang='lat' dir='ltr'><strong>ad</strong></span> <span class='ocrx_word' id='word_1_124' title='bbox 1392 1899 1641 1959; x_wconf 88' lang='lat' dir='ltr'><strong>concilia</strong></span> <span class='ocrx_word' id='word_1_125' title='bbox 1689 1902 2010 1961; x_wconf 87' lang='lat' dir='ltr'><strong>veniebant</strong></span> 
     </span>
     <span class='ocr_line' id='line_1_18' title="bbox 208 1995 2010 2077; baseline -0.001 -18"><span class='ocrx_word' id='word_1_126' title='bbox 208 2018 402 2077; x_wconf 91' lang='lat' dir='ltr'><strong>neque</strong></span> <span class='ocrx_word' id='word_1_127' title='bbox 428 1998 676 2076; x_wconf 91' lang='lat' dir='ltr'><strong>imperio</strong></span> <span class='ocrx_word' id='word_1_128' title='bbox 704 1997 1009 2076; x_wconf 91' lang='lat' dir='ltr'><strong>parebant.</strong></span> <span class='ocrx_word' id='word_1_129' title='bbox 1092 1996 1214 2060; x_wconf 86' lang='lat'><strong>29.</strong></span> <span class='ocrx_word' id='word_1_130' title='bbox 1262 1995 1414 2055; x_wconf 91' lang='lat' dir='ltr'><strong>Inde</strong></span> <span class='ocrx_word' id='word_1_131' title='bbox 1441 1995 1518 2055; x_wconf 87' lang='lat' dir='ltr'><strong>ad</strong></span> <span class='ocrx_word' id='word_1_132' title='bbox 1544 2004 1788 2075; x_wconf 91' lang='lat' dir='ltr'><strong>portum</strong></span> <span class='ocrx_word' id='word_1_133' title='bbox 1822 1999 2010 2058; x_wconf 93' lang='lat' dir='ltr'><strong>Itium</strong></span> 
     </span>
     <span class='ocr_line' id='line_1_19' title="bbox 207 2093 2010 2175; baseline 0 -19"><span class='ocrx_word' id='word_1_134' title='bbox 207 2096 497 2175; x_wconf 85' lang='lat' dir='ltr'><strong>pervenit,</strong></span> <span class='ocrx_word' id='word_1_135' title='bbox 519 2100 636 2174; x_wconf 81' lang='lat' dir='ltr'><strong>quo</strong></span> <span class='ocrx_word' id='word_1_136' title='bbox 662 2115 845 2155; x_wconf 87' lang='lat' dir='ltr'><strong>naves</strong></span> <span class='ocrx_word' id='word_1_137' title='bbox 874 2094 1190 2154; x_wconf 89' lang='lat' dir='ltr'><strong>convenire</strong></span> <span class='ocrx_word' id='word_1_138' title='bbox 1219 2094 1492 2171; x_wconf 86' lang='lat' dir='ltr'><strong>jusserat,</strong></span> <span class='ocrx_word' id='word_1_139' title='bbox 1526 2093 1686 2172; x_wconf 82' lang='lat' dir='ltr'><strong>quod</strong></span> <span class='ocrx_word' id='word_1_140' title='bbox 1712 2095 1853 2156; x_wconf 92' lang='lat' dir='ltr'><strong>inde</strong></span> <span class='ocrx_word' id='word_1_141' title='bbox 1881 2103 2010 2156; x_wconf 91' lang='lat' dir='ltr'><strong>erat</strong></span> 
     </span>
     <span class='ocr_line' id='line_1_20' title="bbox 207 2190 2133 2267; baseline 0 -13"><span class='ocrx_word' id='word_1_142' title='bbox 207 2193 590 2254; x_wconf 88' lang='lat' dir='ltr'><strong>brevissimus</strong></span> <span class='ocrx_word' id='word_1_143' title='bbox 630 2193 695 2252; x_wconf 96' lang='lat' dir='ltr'><strong>in</strong></span> <span class='ocrx_word' id='word_1_144' title='bbox 742 2192 1117 2251; x_wconf 87' lang='lat' dir='ltr'><strong>Britanniam</strong></span> <span class='ocrx_word' id='word_1_145' title='bbox 1172 2190 1470 2267; x_wconf 89' lang='lat' dir='ltr'><strong>trajectus.</strong></span> <span class='ocrx_word' id='word_1_146' title='bbox 1577 2191 1723 2253; x_wconf 89' lang='lat' dir='ltr'><strong>Dies</strong></span> <span class='ocrx_word' id='word_1_147' title='bbox 1777 2194 2011 2254; x_wconf 83' lang='lat' dir='ltr'><strong>circiter</strong></span> <span class='ocrx_word' id='word_1_148' title='bbox 2036 2217 2133 2266; x_wconf 86' lang='lat'><strong>290</strong></span> 
     </span>
     <span class='ocr_line' id='line_1_21' title="bbox 207 2288 2008 2370; baseline 0 -19"><span class='ocrx_word' id='word_1_149' title='bbox 207 2291 421 2370; x_wconf 84' lang='lat' dir='ltr'><strong>viginti</strong></span> <span class='ocrx_word' id='word_1_150' title='bbox 476 2290 736 2370; x_wconf 92' lang='lat' dir='ltr'><strong>quinque</strong></span> <span class='ocrx_word' id='word_1_151' title='bbox 791 2289 855 2348; x_wconf 92' lang='lat' dir='ltr'><strong>in</strong></span> <span class='ocrx_word' id='word_1_152' title='bbox 911 2308 980 2349; x_wconf 94' lang='lat' dir='ltr'><strong>eo</strong></span> <span class='ocrx_word' id='word_1_153' title='bbox 1034 2288 1165 2350; x_wconf 94' lang='lat' dir='ltr'><strong>loco</strong></span> <span class='ocrx_word' id='word_1_154' title='bbox 1221 2298 1618 2369; x_wconf 82' lang='lat' dir='ltr'><strong>commoratus</strong></span> <span class='ocrx_word' id='word_1_155' title='bbox 1683 2298 1788 2366; x_wconf 87' lang='lat' dir='ltr'><strong>est,</strong></span> <span class='ocrx_word' id='word_1_156' title='bbox 1848 2292 2008 2370; x_wconf 82' lang='lat' dir='ltr'><strong>quod</strong></span> 
     </span>
     <span class='ocr_line' id='line_1_22' title="bbox 210 2386 2010 2469; baseline 0 -20"><span class='ocrx_word' id='word_1_157' title='bbox 210 2388 399 2449; x_wconf 87' lang='lat' dir='ltr'><strong>Corus</strong></span> <span class='ocrx_word' id='word_1_158' title='bbox 454 2394 669 2448; x_wconf 87' lang='lat' dir='ltr'><strong>ventus</strong></span> <span class='ocrx_word' id='word_1_159' title='bbox 737 2386 1181 2465; x_wconf 87' lang='lat' dir='ltr'><strong>navigationem</strong></span> <span class='ocrx_word' id='word_1_160' title='bbox 1249 2386 1629 2466; x_wconf 90' lang='lat' dir='ltr'><strong>impediebat,</strong></span> <span class='ocrx_word' id='word_1_161' title='bbox 1688 2389 1792 2468; x_wconf 92' lang='lat' dir='ltr'><strong>qui</strong></span> <span class='ocrx_word' id='word_1_162' title='bbox 1853 2410 2010 2469; x_wconf 85' lang='lat' dir='ltr'><strong>mag-</strong></span> 
     </span>
     <span class='ocr_line' id='line_1_23' title="bbox 208 2484 2010 2563; baseline 0.001 -18"><span class='ocrx_word' id='word_1_163' title='bbox 208 2506 347 2545; x_wconf 91' lang='lat' dir='ltr'><strong>nam</strong></span> <span class='ocrx_word' id='word_1_164' title='bbox 390 2492 622 2563; x_wconf 87' lang='lat' dir='ltr'><strong>partem</strong></span> <span class='ocrx_word' id='word_1_165' title='bbox 671 2485 863 2545; x_wconf 88' lang='lat' dir='ltr'><strong>omnis</strong></span> <span class='ocrx_word' id='word_1_166' title='bbox 912 2485 1199 2561; x_wconf 89' lang='lat' dir='ltr'><strong>temporis</strong></span> <span class='ocrx_word' id='word_1_167' title='bbox 1248 2484 1342 2544; x_wconf 91' lang='lat' dir='ltr'><strong>his</strong></span> <span class='ocrx_word' id='word_1_168' title='bbox 1388 2487 1452 2545; x_wconf 91' lang='lat' dir='ltr'><strong>in</strong></span> <span class='ocrx_word' id='word_1_169' title='bbox 1496 2485 1639 2547; x_wconf 89' lang='lat' dir='ltr'><strong>locis</strong></span> <span class='ocrx_word' id='word_1_170' title='bbox 1688 2488 1830 2548; x_wconf 91' lang='lat' dir='ltr'><strong>flare</strong></span> <span class='ocrx_word' id='word_1_171' title='bbox 1879 2508 2010 2548; x_wconf 88' lang='lat' dir='ltr'><strong>con·</strong></span> 
     </span>
     <span class='ocr_line' id='line_1_24' title="bbox 209 2580 2009 2663; baseline 0.001 -20"><span class='ocrx_word' id='word_1_172' title='bbox 209 2583 415 2643; x_wconf 88' lang='lat' dir='ltr'><strong>suevit.</strong></span> <span class='ocrx_word' id='word_1_173' title='bbox 500 2581 769 2643; x_wconf 87' lang='lat' dir='ltr'><strong>Tandem</strong></span> <span class='ocrx_word' id='word_1_174' title='bbox 795 2580 1073 2642; x_wconf 87' lang='lat' dir='ltr'><strong>idoneam</strong></span> <span class='ocrx_word' id='word_1_175' title='bbox 1101 2588 1312 2642; x_wconf 90' lang='lat' dir='ltr'><strong>nactus</strong></span> <span class='ocrx_word' id='word_1_176' title='bbox 1341 2589 1761 2663; x_wconf 89' lang='lat' dir='ltr'><strong>tempestatem</strong></span> <span class='ocrx_word' id='word_1_177' title='bbox 1788 2585 2009 2645; x_wconf 86' lang='lat' dir='ltr'><strong>milites</strong></span> 
     </span>
     <span class='ocr_line' id='line_1_25' title="bbox 210 2678 2131 2758; baseline -0.001 -17"><span class='ocrx_word' id='word_1_178' title='bbox 210 2681 555 2758; x_wconf 89' lang='lat' dir='ltr'><strong>equitesque</strong></span> <span class='ocrx_word' id='word_1_179' title='bbox 584 2678 975 2740; x_wconf 91' lang='lat' dir='ltr'><strong>conscendere</strong></span> <span class='ocrx_word' id='word_1_180' title='bbox 1002 2679 1066 2738; x_wconf 95' lang='lat' dir='ltr'><strong>in</strong></span> <span class='ocrx_word' id='word_1_181' title='bbox 1094 2699 1279 2740; x_wconf 86' lang='lat' dir='ltr'><strong>naves</strong></span> <span class='ocrx_word' id='word_1_182' title='bbox 1308 2680 1498 2757; x_wconf 85' lang='lat' dir='ltr'><strong>jubet.</strong></span> <span class='ocrx_word' id='word_1_183' title='bbox 1581 2681 1912 2742; x_wconf 88' lang='lat' dir='ltr'><strong>Labienum</strong></span> <span class='ocrx_word' id='word_1_184' title='bbox 1946 2684 2010 2742; x_wconf 92' lang='lat' dir='ltr'><strong>in</strong></span> <span class='ocrx_word' id='word_1_185' title='bbox 2038 2701 2131 2755; x_wconf 84' lang='lat'><strong>295</strong></span> 
     </span>
     <span class='ocr_line' id='line_1_26' title="bbox 208 2776 2011 2854; baseline 0.001 -16"><span class='ocrx_word' id='word_1_186' title='bbox 208 2778 550 2838; x_wconf 89' lang='lat' dir='ltr'><strong>continente</strong></span> <span class='ocrx_word' id='word_1_187' title='bbox 592 2797 725 2836; x_wconf 92' lang='lat' dir='ltr'><strong>cum</strong></span> <span class='ocrx_word' id='word_1_188' title='bbox 766 2777 956 2835; x_wconf 90' lang='lat' dir='ltr'><strong>tribus</strong></span> <span class='ocrx_word' id='word_1_189' title='bbox 997 2776 1331 2854; x_wconf 87' lang='lat' dir='ltr'><strong>legionibus</strong></span> <span class='ocrx_word' id='word_1_190' title='bbox 1373 2784 1435 2837; x_wconf 91' lang='lat' dir='ltr'><strong>et</strong></span> <span class='ocrx_word' id='word_1_191' title='bbox 1475 2778 1736 2839; x_wconf 90' lang='lat' dir='ltr'><strong>millibus</strong></span> <span class='ocrx_word' id='word_1_192' title='bbox 1779 2779 2011 2840; x_wconf 90' lang='lat' dir='ltr'><strong>duobus</strong></span> 
     </span>
     <span class='ocr_line' id='line_1_27' title="bbox 210 2873 2011 2955; baseline 0.003 -20"><span class='ocrx_word' id='word_1_193' title='bbox 210 2875 484 2953; x_wconf 87' lang='lat' dir='ltr'><strong>equitum</strong></span> <span class='ocrx_word' id='word_1_194' title='bbox 529 2873 831 2955; x_wconf 88' lang='lat' dir='ltr'><strong>relinquit,</strong></span> <span class='ocrx_word' id='word_1_195' title='bbox 878 2880 949 2933; x_wconf 93' lang='lat' dir='ltr'><strong>ut</strong></span> <span class='ocrx_word' id='word_1_196' title='bbox 992 2881 1201 2952; x_wconf 88' lang='lat' dir='ltr'><strong>portus</strong></span> <span class='ocrx_word' id='word_1_197' title='bbox 1251 2882 1492 2935; x_wconf 89' lang='lat' dir='ltr'><strong>tueatur</strong></span> <span class='ocrx_word' id='word_1_198' title='bbox 1539 2888 1598 2937; x_wconf 92' lang='lat' dir='ltr'><strong>et</strong></span> <span class='ocrx_word' id='word_1_199' title='bbox 1644 2877 2011 2940; x_wconf 86' lang='lat' dir='ltr'><strong>frumentum</strong></span> 
     </span>
     <span class='ocr_line' id='line_1_28' title="bbox 210 2970 2011 3055; baseline 0.004 -25"><span class='ocrx_word' id='word_1_200' title='bbox 210 2970 537 3050; x_wconf 84' lang='lat' dir='ltr'><strong>provideat.</strong></span> <span class='ocrx_word' id='word_1_201' title='bbox 651 2971 788 3050; x_wconf 87' lang='lat' dir='ltr'><strong>Ipse</strong></span> <span class='ocrx_word' id='word_1_202' title='bbox 844 2990 978 3030; x_wconf 93' lang='lat' dir='ltr'><strong>cum</strong></span> <span class='ocrx_word' id='word_1_203' title='bbox 1034 2972 1298 3049; x_wconf 89' lang='lat' dir='ltr'><strong>quinque</strong></span> <span class='ocrx_word' id='word_1_204' title='bbox 1367 2973 1701 3051; x_wconf 89' lang='lat' dir='ltr'><strong>legionibus</strong></span> <span class='ocrx_word' id='word_1_205' title='bbox 1761 2982 1823 3035; x_wconf 93' lang='lat' dir='ltr'><strong>et</strong></span> <span class='ocrx_word' id='word_1_206' title='bbox 1883 2978 2011 3055; x_wconf 90' lang='lat' dir='ltr'><strong>pari</strong></span> 
     </span>
     <span class='ocr_line' id='line_1_29' title="bbox 213 3068 2011 3147; baseline 0.004 -20"><span class='ocrx_word' id='word_1_207' title='bbox 213 3088 456 3128; x_wconf 92' lang='lat' dir='ltr'><strong>numero</strong></span> <span class='ocrx_word' id='word_1_208' title='bbox 505 3069 793 3145; x_wconf 90' lang='lat' dir='ltr'><strong>equitum,</strong></span> <span class='ocrx_word' id='word_1_209' title='bbox 832 3087 1009 3145; x_wconf 92' lang='lat' dir='ltr'><strong>quem</strong></span> <span class='ocrx_word' id='word_1_210' title='bbox 1052 3068 1114 3126; x_wconf 90' lang='lat' dir='ltr'><strong>in</strong></span> <span class='ocrx_word' id='word_1_211' title='bbox 1166 3069 1510 3130; x_wconf 90' lang='lat' dir='ltr'><strong>continente</strong></span> <span class='ocrx_word' id='word_1_212' title='bbox 1555 3070 1894 3147; x_wconf 92' lang='lat' dir='ltr'><strong>reliquerat,</strong></span> <span class='ocrx_word' id='word_1_213' title='bbox 1936 3074 2011 3134; x_wconf 93' lang='lat' dir='ltr'><strong>ad</strong></span> 
     </span>
    </p>
   </div>
  </div>
 </body>
</html>
