2310 3485
440 246 527 302 ΟΔ
538 247 800 302 ESAR’S
843 247 939 302 IN
951 247 1038 301 VA
1049 247 1240 302 SION
1284 247 1385 302 OF
1426 248 1663 302 BRITA
1672 248 1779 304 IN.
1966 253 2007 314 3

283 413 348 482 ’7.
395 414 456 476 N
457 435 596 476 aves
624 415 859 475 circiter
886 415 1189 494 octoginta
1216 415 1515 477 onerarias
1543 417 1740 496 cogit:

285 512 399 573 hae
427 513 571 573 satis
600 532 725 573 esse
752 531 1002 572 numero
1031 513 1085 573 ei
1113 512 1507 574 videbantur:
2039 521 2099 577 50

287 609 395 670 sed
422 617 660 688 praeter
685 630 784 670 eas
812 609 1099 689 quasdam
1125 630 1310 671 naves
1338 610 1542 689 longas
1568 610 1861 672 habebat:

285 707 396 767 has
423 707 740 786 quaestori,
770 707 981 785 legatis
1008 707 1440 786 praefectisque
1468 706 1788 768 distribuit

286 806 424 867 Huc
453 806 811 868 accedebant
837 805 1167 866 octodecim
1195 805 1498 865 onerariae
1524 826 1723 879 naves,

288 922 440 981 quae
482 923 561 967 ex.
598 923 669 965 eo
709 903 838 964 loco
886 904 962 964 ab
1009 903 1272 963 millibus
1319 923 1598 982 passuum
1646 910 1781 964 octo
1828 910 2009 964 vento

205 1000 602 1060 tenebantur:
2039 1009 2100 1063 55

288 1097 396 1157 has
426 1098 725 1176 equitibus
755 1098 1073 1159 distribuit.

287 1196 569 1255 Publium
598 1195 928 1275 Sulpicium
969 1196 1198 1257 Rufum
1237 1197 1500 1276 legatum
1541 1218 1677 1257 cum
1716 1197 2010 1276 praesidio

209 1300 452 1373 portum
478 1299 682 1354 tenere
708 1293 902 1372 jussit.

289 1390 358 1455 8.
403 1390 554 1451 Mox
609 1398 1025 1470 tempestatem
1078 1390 1157 1452 ad
1224 1392 1666 1471 navigationem
1736 1391 2012 1453 idoneam

210 1495 418 1550 nactus
447 1495 572 1549 est:
2039 1487 2102 1535 60

293 1593 423 1646 tum
451 1605 632 1646 naves
661 1585 842 1646 tertia
868 1585 992 1647 fere
1019 1585 1226 1664 vigilia
1252 1585 1432 1646 solvit
1457 1607 1469 1645 :

292 1682 638 1762 equitesque
678 1682 743 1742 in
770 1682 1113 1744 ulteriorem
1154 1689 1396 1762 portum
1423 1681 1717 1763 progredi,
1744 1689 1806 1744 et
1830 1701 2013 1742 naves

212 1779 622 1855 conscendere,
654 1787 717 1841 et
744 1800 806 1841 se
834 1781 1002 1860 sequi
1029 1781 1225 1858 jussit.

292 1878 430 1957 Ipse
478 1884 680 1939 autem
727 1879 875 1939 hora
921 1878 1154 1939 circiter
1202 1878 1321 1938 diei
1370 1880 1583 1956 quarta
1625 1898 1758 1938 cum
1805 1877 2012 1957 primis

214 1975 463 2035 navibus
490 1974 862 2036 Britanniam
892 1975 1130 2055 attigit:
2038 1986 2102 2050 65

295 2080 357 2134 et
398 2073 484 2133 ibi
518 2080 774 2133 armatas
815 2073 1079 2134 hostium
1121 2072 1319 2151 copias
1358 2073 1422 2133 in
1456 2072 1730 2133 omnibus
1766 2071 2013 2133 collibus

215 2170 514 2250 expositas
557 2172 880 2249 conspexit.

295 2267 366 2331 9.
410 2266 575 2327 Haec
604 2275 733 2328 erat
759 2267 871 2327 loci
899 2273 1148 2329 natura:

293 2384 455 2425 mare
482 2366 750 2443 angustis
777 2366 1082 2426 montibus
1110 2365 1560 2427 continebatur:

294 2461 481 2522 telum
535 2480 611 2522 ex
665 2461 808 2522 locis
863 2461 1267 2540 superioribus
1320 2463 1384 2522 in
1439 2462 1582 2522 litus
1638 2462 1798 2542 adigi
1853 2471 2010 2542 pote-
2039 2482 2105 2534 70

218 2566 322 2620 rat.

295 2657 412 2716 Hic
439 2676 815 2736 nequaquam
844 2656 1094 2718 idoneus
1121 2657 1284 2717 locus
1315 2677 1439 2718 esse
1467 2657 1814 2720 videbatur:

296 2761 358 2813 et
415 2754 491 2814 ad
559 2775 780 2816 nonam
848 2754 1057 2815 horam
1111 2754 1369 2833 reliquas
1424 2775 1605 2816 naves
1658 2757 1726 2816 in
1783 2756 2011 2817 ancoris

219 2852 611 2933 exspectabat.

294 2951 547 3012 Interim
566 2950 792 3030 legatos
814 2951 1204 3030 tribunosque
1224 2951 1485 3011 militum
1507 2959 1808 3028 convocat,
1833 2960 1894 3014 et
1912 2973 2013 3015 eos
2038 2968 2101 3024 75

218 3046 503 3108 hortatur.
