2310 3485
305 286 343 346 2
533 282 893 337 CAESAR’S
937 281 1038 336 IN
1046 280 1328 336 VASION
1373 281 1476 336 OF
1515 280 1871 337 BRITAIN.

381 455 444 510 et
483 449 745 521 classem,
791 468 969 527 quam
1006 447 1084 508 ad
1131 448 1488 509 Veneticum
1537 447 1760 508 bellum
1809 448 2099 522 effecerat,

301 546 616 607 convenire
642 545 832 624 jubet.

379 642 634 704 Interim
662 641 973 703 consilium
1001 640 1132 721 ejus
1160 662 1267 721 per
1294 648 1649 703 mercatores
1676 641 1754 703 ad
1781 641 2104 704 Britannos

298 740 597 820 perlatum
625 746 716 800 est
742 763 755 800 ε

214 860 274 914 25
379 838 559 917 legati
587 838 662 897 ab
685 836 919 897 ‘insulae
948 836 1293 896 civitatibus
1322 835 1399 896 ad
1428 856 1563 897 eum
1591 836 1880 897 veniunt:

378 936 612 996 obsides
641 934 783 995 dare
812 941 874 995 et
899 933 1149 1011 imperio
1178 933 1386 1012 populi
1413 934 1669 994 Romani
1690 933 2105 1013 obtemperare

299 1033 530 1093 volunt.

378 1130 444 1194 5.
492 1129 723 1204 Caesar,
749 1128 1074 1189 liberaliter
1094 1128 1411 1208 pollicitus,
1432 1148 1531 1189 eos
1553 1129 1799 1189 domum
1825 1129 2104 1191 remittit.

378 1227 717 1289 Commium
746 1234 948 1287 autem
977 1231 1097 1285 una
1125 1247 1259 1286 cum
1287 1227 1359 1286 iis
1386 1226 1577 1286 mittit
1602 1250 1615 1288 ε

210 1346 275 1398 3ο
380 1325 538 1384 hunc
567 1323 784 1385 Caesar
811 1342 1011 1402 regem
1038 1323 1462 1384 constituerat:

380 1420 558 1500 hujus
586 1420 874 1481 virtutem
903 1427 964 1480 et
992 1420 1304 1480 consilium
1332 1419 1656 1498 probabat:

378 1519 683 1580 Commius
711 1517 950 1578 Caesari
978 1517 1170 1577 fidelis
1200 1536 1326 1577 esse
1353 1517 1704 1579 videbatur:

378 1625 441 1679 et
462 1616 591 1695 ejus
614 1615 933 1675 auctoritas
954 1615 1018 1673 in
1040 1615 1133 1674 his
1154 1614 1493 1693 regionibus
1515 1635 1730 1694 magna
1748 1615 2100 1679 habebatur.

378 1715 714 1777 Volusenus
772 1718 972 1773 autem
1026 1732 1221 1792 neque
1277 1732 1310 1774 e
1353 1713 1494 1774 navi
1534 1713 1735 1792 egredi
1792 1734 1988 1794 neque
2038 1735 2101 1777 se

211 1831 272 1885 35
297 1814 562 1875 barbaris
591 1812 964 1873 committere
993 1809 1189 1870 audet.

378 1911 589 1988 Itaque
618 1910 830 1989 quinto
860 1908 956 1968 die
984 1907 1061 1967 ad
1091 1907 1403 1968 Gaesarem
1432 1907 1623 1969 redit:

379 2014 456 2080 et,
487 2026 637 2087 quae
665 2005 901 2079 viderit,
931 2005 1251 2065 renuntiat,

297 2144 678 2236 {zlffigiffifflm
694 2144 757 2194 by
873 2102 941 2165 6.
988 2102 1207 2259 Caesar
1245 2102 1310 2161 in
1352 2102 1445 2162 his
1485 2102 1629 2163 locis
1673 2113 1982 2169 moratur:
2040 2115 2103 2169 et

793 2218 975 2260 naves
1001 2219 1146 2277 para
1200 2221 1214 2259 ε

208 2320 274 2369 40
378 2296 588 2375 Legati
610 2316 685 2357 ex
712 2299 927 2376 magna
953 2303 1122 2375 parte
1150 2296 1526 2357 Morinorum
1548 2296 1625 2357 ad
1653 2318 1788 2359 eum
1809 2301 2101 2365 veniunt:

378 2393 455 2455 de
482 2394 801 2472 superioris
829 2394 1114 2473 temporis
1144 2394 1389 2454 consilio
1417 2415 1479 2455 se
1508 2406 1979 2459 excusaverunt:

380 2491 521 2551 olim
551 2491 710 2551 enim
737 2490 961 2551 bellum
990 2491 1211 2569 populo
1239 2492 1510 2552 Romano
1536 2492 1810 2553 fecerant.

379 2588 511 2648 Hoc
539 2587 777 2648 Caesari
807 2608 933 2649 esse
962 2596 1367 2667 opportunum
1395 2589 1744 2650 videbatur:

376 2705 515 2743 nam
544 2704 736 2763 neque
764 2694 901 2764 post
927 2694 1165 2766 tergum
1191 2686 1427 2748 hostem
1466 2687 1799 2765 relinquere
1839 2689 2099 2769 volebat,

207 2799 269 2854 45
376 2802 569 2860 neque
596 2782 941 2845 facultatem
967 2784 1110 2845 belli
1135 2785 1382 2864 gerendi
1409 2792 1656 2864 propter
1688 2785 1828 2843 anni
1860 2792 2099 2866 tempus

297 2879 575 2940 habebat.

378 2976 491 3036 His
520 2997 803 3057 magnum
831 2999 1147 3041 numerum
1176 2978 1452 3040 obsidum
1489 2978 1758 3054 imperat,
1791 2983 1854 3036 et
1894 2996 1994 3038 eos
2034 2980 2098 3040 in

297 3074 477 3135 fidem
503 3075 730 3153 recipit.
