2310 3485
451 252 809 323 CAESAR&
853 251 951 306 IN
958 249 1246 306 VASION
1292 248 1397 304 011⁷
1436 247 1788 304 BRITAIN.
1939 247 2018 315 1'7

217 421 440 493 Durus,
490 421 767 481 tribunus
809 419 1087 491 militum,
1134 415 1507 478 interficitur.
1592 414 1708 487 Illi,
1754 413 2024 493 pluribus
2050 433 2146 481 440

218 518 564 579 cohortibus
591 516 915 590 submissis,
946 515 1335 594 repelluntur.

302 617 553 676 Postero
594 613 693 674 die
741 611 948 691 procul
999 632 1065 671 a
1080 610 1290 672 castris
1339 611 1461 670 suis
1507 609 1709 669 hostes
1757 608 1820 667 in
1869 607 2023 668 colli-

219 710 329 769 bus
351 711 782 771 constiterunt:
827 711 944 770 rari
965 730 1028 771 se
1051 710 1483 770 ostenderunt·
1522 723 1558 763 F
1560 724 1618 764 011
1621 724 1746 764 owed
1788 736 1845 765 ne
1847 724 1902 764 xt-
1934 723 1992 763 da
1966 735 2024 774 ay

218 814 284 867 et
323 807 515 868 lenius
549 827 728 887 quam
756 807 951 886 pridie
979 814 1217 867 nostros
1246 807 1474 885 equites
1515 773 1588 866 g}
1602 786 1684 866 1320
1684 775 1921 866 gffianlaffs.
1921 775 2023 825 tory

217 904 444 982 proelio
480 904 764 965 lacessere
805 911 1141 983 coeperunt.
1229 905 1338 969 41.
1384 906 1505 968 Sed
1547 907 1796 969 meridie
1837 927 2023 986 quum
2050 917 2146 971 445

219 1001 440 1062 Caesar
455 1002 783 1081 pabulandi
800 1004 977 1062 causa
992 1008 1114 1062 tres
1129 1001 1393 1081 legiones
1412 1012 1591 1083 atque
1609 1024 1848 1066 omnem
1866 1005 2026 1082 equi-

218 1105 417 1159 tatum
445 1119 580 1159 cum
613 1099 759 1160 Caio
799 1099 1099 1160 Trebonio
1141 1099 1340 1177 legato
1365 1101 1642 1176 misisset,
1672 1108 1920 1181 repente
1948 1122 2025 1161 ex

219 1196 495 1257 omnibus
522 1197 794 1275 partibus
821 1197 898 1257 ad
925 1196 1306 1275 pabulatores
1339 1198 1789 1272 advolaverunt,
1822 1200 1907 1259 sic
1933 1200 2025 1258 uti

221 1294 295 1354 ab
324 1295 508 1372 signis
528 1294 978 1373 legionibusque
994 1314 1117 1355 non
1138 1294 1511 1356 absisterent.
1585 1296 1795 1356 Nostri
1812 1297 2027 1356 acriter

221 1392 284 1453 in
311 1411 413 1453 eos
439 1392 671 1470 impetu
696 1392 853 1452 facto
881 1390 1286 1470 reppulenmt,
1306 1411 1502 1471 neque
1530 1393 1712 1452 finem
1733 1392 2025 1471 sequendi
2051 1401 2149 1456 450

222 1489 507 1562 fecerunt,
536 1489 733 1568 quoad
762 1488 1027 1573 subsidio
1056 1489 1263 1549 confisi
1291 1489 1541 1568 equites,
1572 1510 1759 1568 quum
1792 1495 1933 1567 post
1961 1509 2025 1550 se

220 1588 484 1669 legiones
509 1587 807 1659 viderunt,
838 1585 1191 1665 praecipites
1211 1585 1413 1647 hostes
1436 1594 1705 1665 egerunt.
1766 1586 2026 1666 Magnus

220 1705 502 1747 numerus
555 1684 822 1745 hostium
875 1683 1225 1744 interfectus
1280 1690 1373 1744 est
1399 1706 1412 1745 ε
1480 1703 1620 1744 nam
1688 1684 1881 1745 nostri
1949 1684 2025 1744 iis

221 1804 416 1863 neque
443 1783 537 1844 sui
563 1782 881 1862 colligendi
921 1800 1115 1860 neque
1152 1781 1516 1842 consistendi
1553 1788 1659 1842 aut
1701 1801 1778 1842 ex
1804 1780 2026 1841 essedis

221 1881 536 1943 desiliendi
561 1879 910 1940 facultatem
937 1878 1250 1940 dederunt.
1321 1880 1417 1939 Ex
1443 1878 1554 1939 hac
1582 1878 1726 1958 fuga
1750 1879 2025 1958 protinus
2051 1886 2147 1941 455

222 1999 374 2059 quae
400 1977 664 2056 undique
686 1983 1088 2037 convenerant
1110 1976 1334 2036 auxilia
1355 1976 1790 2050 discesserunt3
1830 1995 2025 2054 neque

221 2084 360 2157 post
411 2076 476 2136 id
533 2083 769 2154 tempus
822 2094 1090 2153 unquam
1143 2076 1391 2134 summis
1460 2074 1646 2152 copiis
1715 2073 2027 2133 nobiscum

222 2175 425 2235 hostes
453 2172 905 2234 contenderunt.

302 2270 424 2336 42.
470 2270 704 2344 Caesar,
724 2269 963 2349 cognito
981 2268 1227 2329 consilio
1248 2288 1471 2343 eorum,
1484 2267 1562 2329 ad
1580 2269 1804 2329 flumen
1820 2268 2026 2329 Tame-

223 2369 336 2429 sim
381 2368 446 2428 in
486 2368 634 2428 fines
676 2366 1106 2428 Cassivellauni
1155 2366 1484 2427 exercitum
1525 2398 1685 2439 ouem
1733 2408 1900 2439 meses
1946 2397 2026 2438 the
2051 2371 2147 2433 460

223 2467 426 2527 duxit:
469 2465 629 2545 quod
662 2466 885 2525 flumen
921 2483 1042 2524 uno
1070 2464 1314 2524 omnino
1356 2463 1485 2524 loco
1526 2448 1729 2490 mma,

223 2563 490 2644 pedibus,
524 2569 703 2640 atque
739 2561 852 2621 hoc
892 2580 1085 2640 aegre,
1119 2560 1363 2621 transiri
1403 2571 1618 2641 potest.
1711 2565 1800 2625 Εὸ
1840 2585 2027 2644 quum

224 2661 499 2733 venisset,
520 2658 677 2719 vidit
696 2678 940 2738 magnas
966 2658 1231 2719 hostium
1253 2659 1449 2737 copias
1471 2661 1546 2721 ad
1568 2661 1818 2722 alteram
1837 2662 2028 2722 flumi-

223 2760 316 2820 nis
335 2759 529 2838 ripam
556 2776 683 2817 esse
704 2756 1036 2816 instructas.
1111 2755 1269 2835 Ripa
1289 2765 1490 2818 autem
1512 2766 1642 2819 erat
1658 2760 1847 2820 acutis
1868 2760 2026 2821 sudi-

223 2857 333 2917 bus
353 2855 587 2915 munita
598 2876 616 2929 3
643 2852 936 2931 sudesque
954 2851 1223 2930 ejusdem
1238 2854 1471 2930 generis
1489 2854 1599 2914 sub
1618 2857 1772 2933 aqua
1791 2854 2025 2916 defixae
2054 2857 2119 2920 46
2124 2867 2151 2922 5

226 2953 465 3017 flumine
493 2951 870 3030 tegebantur.
958 2949 1191 3024 Caesar,
1222 2950 1317 3010 his
1344 2951 1520 3011 rebus
1562 2952 1832 3029 cognitis,
1865 2954 2025 3031 equi-

227 3058 420 3111 tatum
446 3049 784 3129 praemittit
810 3071 823 3108 :
863 3048 1128 3126 legiones
1175 3047 1489 3108 confestim
1518 3048 1801 3127 subsequi
1828 3043 2018 3128 jubet.
