2310 3485
336 222 377 282 8
565 217 924 274 CAESAR’S
968 216 1062 271 IN
1073 216 1360 272 VASION
1405 217 1508 271 OF
1547 216 1903 271 BRITAIN.

333 383 564 463 gnitate
585 390 976 463 cognoscunt:
1015 404 1168 463 quae
1190 390 1383 444 castra
1402 384 1515 444 hoc
1537 390 1709 444 erant
1731 382 1913 445 etiam
1930 403 2139 464 angus-

220 507 311 556 190
334 482 503 556 tiora‚
526 481 686 560 quod
702 481 830 542 sine
850 482 1297 560 impedimentis
1318 481 1537 542 Caesar
1556 481 1818 561 legiones
1839 489 2144 560 transpor-

334 586 585 640 taverat.
645 578 1054 654 Constituunt‚
1066 579 1389 640 rebellione
1407 580 1580 653 facta,
1591 586 1827 640 nostros
1835 579 2144 639 frumento

336 684 787 756 commeatuque
808 677 1141 757 prohibere,
1167 685 1231 739 et
1256 697 1384 738 rem
1410 677 1475 736 in
1502 677 1762 737 hiemem
1782 676 2145 755 producere3

335 777 428 837 his
456 777 749 857 superatis
778 786 882 838 aut
908 779 1108 839 reditu
1134 779 1488 853 interclusis,
1513 779 1813 839 neminem
1840 785 2048 856 postea
2075 778 2142 837 in

334 874 708 936 Britanniam
725 875 1115 937 transiturum
1134 876 1279 937 belli
1300 876 1596 937 inferendi
1616 878 1790 936 causa
1806 875 2139 936 confidunt.

220 992 276 1042 ¹9
280 990 307 1044 5
335 971 548 1050 Itaque
584 992 789 1033 rursus
818 973 1230 1051 conjuratione
1270 974 1446 1048 facta,
1477 973 1770 1052 paulatim
1811 993 1888 1034 ex
1928 972 2142 1034 castris

335 1068 656 1145 discedere,
688 1091 754 1131 ac
781 1091 920 1131 suos
948 1071 1101 1132 clam
1129 1092 1208 1132 ex
1235 1073 1392 1151 agris
1421 1071 1713 1132 deducere
1742 1078 2081 1150 coeperunt.

415 1167 519 1231 21.
568 1167 786 1228 Caesar
839 1169 1109 1229 nondum
1166 1189 1371 1230 eorum
1429 1169 1678 1230 consilia
1739 1174 2101 1248 cognoverat
2126 1191 2142 1229 t

334 1306 710 1399 &ardep
751 1307 831 1349 the
876 1273 1079 1327 tamen
1100 1273 1164 1328 et
1191 1286 1267 1327 ex
1296 1274 1517 1377 eventu
1541 1266 1788 1377 navium
1807 1285 2049 1376 suarum
2078 1272 2140 1326 et

612 1358 698 1399 ⁰⁶&
875 1384 953 1424 ex
973 1384 1059 1438 eo,
1081 1364 1244 1443 quod
1265 1363 1500 1424 obsldes
1517 1363 1662 1425 dare
1675 1370 2137 1438 mtermiserant,

215 1480 311 1517 200
334 1458 460 1520 fore
487 1458 568 1534 id,
605 1459 767 1538 quod
807 1460 1038 1536 accidit,
1070 1461 1498 1540 suspicabatur.
1587 1461 1802 1539 Itaque
1829 1459 1907 1520 ad
1935 1479 2140 1520 omnes

336 1576 503 1616 casus
521 1556 788 1617 subsidia
804 1559 1203 1637 comparabat.
1264 1558 1424 1619 Nam
1443 1565 1504 1619 et
1518 1559 1888 1619 frumentum
1897 1578 1972 1618 ex
1982 1557 2140 1636 agris

335 1653 605 1732 quotidie
623 1654 684 1714 in
704 1661 898 1715 castra
915 1656 1285 1716 conferebat:
1307 1656 1560 1716 materia
1579 1663 1760 1734 atque
1782 1675 1915 1716 aere
1937 1675 2138 1715 earum

334 1752 595 1826 navium,
638 1772 790 1831 quae
832 1754 1181 1833 gravissime
1230 1754 1480 1815 afflictae
1529 1760 1718 1828 erant,
1760 1752 1838 1814 ad
1881 1754 2139 1832 reliquas

333 1848 682 1909 reficiendas
699 1851 981 1911 utebatur
990 1875 1009 1927 3
1036 1852 1169 1925 alia,
1191 1871 1343 1931 quae
1365 1851 1442 1912 ad
1463 1871 1561 1913 eas
1582 1871 1677 1911 res
1697 1852 1833 1911 usui
1856 1858 2044 1924 erant,
2063 1871 2136 1912 ex

215 1965 308 2019 205
335 1947 671 2007 continenti
688 1950 1046 2027 comportari
1056 1950 1326 2028 jubebat.
1395 1950 1560 2025 Quae
1576 1969 1671 2010 res
1689 1969 1922 2010 summo
1939 1948 2137 2010 studio

335 2064 370 2102 a
386 2044 676 2104 militibus
698 2045 1256 2108 administrabatur:
1298 2048 1519 2126 itaque,
1543 2037 1864 2107 duodecim
1887 2047 2136 2109 navibus

335 2141 582 2214 amissis,
611 2142 857 2221 reliquis
885 2151 957 2204 ut
982 2144 1254 2224 navigari
1282 2143 1589 2206 commode
1617 2150 1834 2222 posset,
1866 2144 2075 2205 effecit.

414 2237 530 2302 22.
564 2238 727 2299 Dum
757 2260 827 2300 ea
853 2250 1160 2321 geruntur,
1190 2262 1311 2302 una
1335 2242 1507 2321 legi0,
1540 2260 1692 2319 quae
1730 2240 2134 2320 appellabatur

334 2352 425 2393 'rhe
480 2353 678 2393 Romans
736 2365 830 2401 sur·
871 2341 1141 2420 septima,
1163 2360 1239 2400 ex
1257 2338 1686 2400 consuetudine
1705 2339 2134 2398 frumentatum

218 2455 310 2495 210
333 2403 830 2495 ἓῖἓιῗὲεδιῖιῗὲῧῗοὶῖιῗ
871 2439 1052 2499 missa
1073 2444 1201 2499 est:
1242 2437 1408 2497 nulla
1429 2435 1506 2496 ad
1525 2436 1590 2496 id
1618 2443 1855 2515 tempus
1883 2436 2133 2514 suspicio

333 2536 475 2596 belli
504 2538 858 2615 interposita
887 2543 1016 2597 erat
1041 2559 1054 2596 t
1096 2556 1235 2615 pars
1262 2535 1573 2596 hominum
1601 2534 1664 2593 in
1694 2534 1851 2613 agris
1879 2554 2133 2595 remane-

332 2635 453 2709 bat,
483 2655 621 2714 pars
650 2636 832 2696 etiam
861 2635 926 2694 in
955 2641 1148 2694 castra
1174 2633 1547 2694 ventitabat:
1589 2632 1650 2704 ii,
1681 2630 1786 2710 qui
1814 2651 1922 2709 pro
1951 2632 2132 2711 portis

333 2739 661 2792 castrorum
688 2733 753 2792 in
782 2733 1041 2793 statione
1070 2740 1261 2807 erant,
1286 2732 1525 2793 Caesari
1552 2732 1987 2793 nuntiaverunt
2012 2733 2131 2812 pul·

333 2849 534 2889 verem
572 2850 856 2909 magnum
894 2839 1074 2909 atque
1115 2831 1472 2890 inusitatum
1513 2830 1578 2888 in
1621 2831 1691 2889 ea
1721 2837 1892 2908 parte
1926 2832 2125 2905 videri,

213 2954 267 2991 21
277 2952 304 3006 5
333 2945 512 3004 quarn
532 2928 596 2986 in
618 2935 852 3006 partem
868 2928 1165 3007 legioiter
1183 2927 1433 2987 fecisset.
1510 2926 1727 2986 Caesar
1747 2925 1974 3005 aliquid
1995 2928 2127 2987 novi

333 3024 562 3084 consilii
599 3046 634 3084 a
674 3025 942 3086 barbaris
984 3025 1203 3084 initum
1245 3042 1372 3084 esse
1414 3022 1833 3101 suspicabatur.
1924 3024 2126 3103 Itaque
