2310 3485
456 241 816 297 CAESAR’S
859 241 1249 297 INVASION
1297 242 1400 297 OF
1440 242 1793 296 BRITAIN.
1987 248 2022 304 5

220 411 337 470 sit:
368 410 639 486 (navium
672 410 985 489 longarum
1014 416 1076 471 et
1111 408 1335 488 species
1378 415 1505 470 erat
1544 409 1809 469 barbaris
1850 408 2028 468 inusi-

219 508 408 568 tatior
435 515 498 569 et
523 494 722 568 motus
751 508 827 568 ad
856 528 1030 568 usum
1053 507 1433 586 expeditior).

305 605 470 679 Quae
491 625 586 666 res
614 625 830 685 magno
857 606 992 665 usui
1020 605 1242 665 nostris
1269 604 1434 664 fuit.-

303 700 461 762 Nam
502 702 755 776 barbari,
795 709 856 763 et
896 703 1143 762 navium
1185 703 1375 780 figura
1415 708 1477 762 et
1517 720 1816 762 remorum
1858 707 2028 760 motu

221 805 286 859 et
312 798 600 860 inusitato
627 820 844 879 genere
865 806 1302 860 tormentorum
1329 799 1602 878 permoti,
1629 798 2029 859 constiterunt

221 917 290 956 ac
318 895 561 974 paulum
588 897 768 958 modo
795 896 1010 976 pedem
1037 897 1416 958 rettulerunt.

306 992 412 1058 13.
457 994 660 1073 Atque
703 996 922 1055 nostris
963 995 1256 1055 militibus
1300 993 1735 1066 cunctantibus,
1767 992 2027 1052 maxime

219 1098 468 1170 propter
511 1091 892 1152 altitudinem
937 1092 1133 1165 maris,
1183 1091 1430 1171 quidam
1472 1090 1735 1151 decimae
1778 1089 2028 1168 legionis

225 1188 512 1267 aquilifer,
559 1184 924 1250 contestatus
966 1189 1125 1263 deos,
1159 1197 1229 1250 ut
1270 1209 1340 1250 ea
1381 1209 1474 1249 res
1515 1188 1736 1268 legioni
1777 1188 2030 1248 feliciter

223 1286 527 1347 eveniret:
570 1292 604 1320 “
621 1287 900 1360 Desilite,'’
920 1287 1136 1365 inquit,
1172 1294 1208 1322 “
1227 1287 1444 1361 militae,
1468 1287 1583 1346 ‘nisi
1601 1286 1764 1345 vultis
1783 1285 2031 1363 aquilam

220 1382 459 1444 hostibus
461 1384 696 1462 prodere
702 1409 725 1445 .·
751 1404 842 1461 eqo
859 1390 994 1445 certe
1009 1405 1193 1445 mum
1207 1384 1534 1463 reipublicae
1541 1388 1699 1461 alque
1716 1382 2031 1461 imperatori

221 1480 457 1558 officium
472 1480 848 1559 praestiter0.’'
928 1482 1081 1542 Mox
1109 1501 1172 1542 se
1203 1502 1278 1542 ex
1306 1481 1447 1541 navi
1475 1479 1730 1564 projecit
1758 1486 1938 1557 atque
1963 1478 2030 1537 in

223 1575 424 1638 hostes
479 1578 740 1656 aquilam
794 1579 949 1641 ferre
1005 1579 1216 1658 coepit.
1313 1578 1470 1639 Tum
1524 1576 1731 1650 nostri,
1791 1583 2030 1636 tantum

222 1674 481 1736 dedecus
507 1683 857 1752 metuentes,
882 1677 1148 1737 universi
1170 1696 1245 1737 ex
1266 1676 1407 1737 navi
1428 1674 1814 1736 desiluerunt.
1901 1673 2030 1732 Hos

223 1773 370 1833 item
399 1792 474 1833 ex
501 1773 789 1852 proximis
816 1775 1070 1835 navibus
1103 1775 1208 1835 ubi
1250 1780 1698 1853 conspexerant,
1730 1772 2030 1844 subsecuti

224 1869 496 1931 hostibus
524 1871 1095 1951 adpropinquarunt.

308 1967 412 2031 14.
445 1968 792 2047 Pugnatum
810 1975 902 2029 est
918 1970 994 2030 ab
1010 1970 1283 2048 utrisque
1300 1969 1527 2030 acriter.
1599 1967 1808 2028 Nostri
1825 1973 2029 2027 tamen

225 2086 582 2145 magnopere
626 2068 1166 2146 perturbabantur:
1210 2087 1351 2127 nam
1390 2087 1488 2128 ne·
1530 2080 1841 2131 nngagement
1866 2091 1926 2121 on
1950 2080 2030 2120 the

226 2182 343 2242 que
369 2163 607 2224 ordines
636 2183 870 2225 servare
899 2183 1094 2242 neque
1122 2164 1376 2224 firmiter
1401 2163 1488 2223 in·
1526 2131 1942 2222 ἷὴθὲοιξόωζέῗωη
1985 2129 2031 2171 ⁰¹

226 2262 449 2335 sistere,
480 2281 675 2340 neque
702 2262 872 2341 signa
899 2261 1180 2341 subsequi
1207 2268 1503 2339 poterant,
1536 2268 1716 2340 atque
1744 2260 1894 2321 alius
1916 2260 2033 2321 alia

227 2376 305 2418 ex
343 2358 499 2432 navi,
531 2357 1000 2437 quibuscumque
1041 2359 1228 2438 signis
1271 2366 1618 2433 occurrerat,
1652 2378 1714 2419 se
1756 2378 2031 2437 aggrega

178 2483 185 2489 ·
227 2455 347 2517 bat.
432 2456 654 2517 Hostes
681 2475 839 2530 ver0,
870 2456 1030 2516 notis
1059 2456 1337 2517 omnibus
1378 2455 1563 2530 vadis,
1593 2456 1698 2516 ubi
1740 2476 1817 2516 ex
1857 2455 2030 2516 litore

229 2552 455 2631 aliquos
498 2552 823 2631 singulares
866 2573 944 2613 ex
983 2554 1123 2613 navi
1166 2553 1538 2632 egredientes
1580 2558 2027 2632 conspexerant,

229 2666 409 2726 equos
463 2649 830 2709 incitabant:
899 2657 1134 2710 nostros
1190 2649 1511 2728 impeditos
1573 2650 2031 2710 adoriebantur:

230 2746 426 2825 plures
453 2767 670 2825 paucos
697 2747 1247 2809 circumsistebant:
1276 2748 1379 2808 alii
1407 2749 1482 2808 ab
1509 2747 1696 2809 latere
1724 2754 1929 2826 aperto
1965 2747 2031 2806 in

230 2829 535 2908 universos
582 2847 705 2908 tela
751 2848 1162 2925 conjiciebant.
1270 2847 1375 2912 15.
1422 2848 1597 2923 Quod
1645 2849 1750 2909 ubi
1798 2849 2033 2908 viderat

231 2944 464 3018 Caesar,
503 2944 748 3022 scaphas
788 2944 1102 3024 longarum
1142 2946 1405 3019 navium,
1451 2946 1597 3006 item
1639 2945 2032 3023 speculatoria

233 3041 468 3121 navigia
483 3062 518 3101 a
534 3041 826 3101 militibus
844 3041 1124 3118 compleri
1139 3042 1335 3119 jussit,
1350 3049 1412 3102 et
1427 3042 1519 3115 iis,
1530 3061 1679 3120 quos
1696 3040 2031 3101 laborantes

2059 426 2147 478 105

2061 918 2150 954 110

2061 1402 2152 1456 115

2062 1893 2151 1929 120

2063 2377 2151 2431 125

2064 2869 2153 2919 130
