2310 3485
442 230 799 286 C‘AESAR'S
846 231 939 285 IN
950 232 1037 286 VA
1049 232 1240 287 SION
1287 233 1389 287 OF
1429 234 1783 289 BRITAIN.
1974 237 2011 298 9

213 399 500 475 cohortes,
553 419 705 478 quae
748 399 814 460 in
863 401 1222 461 stationibus
1271 407 1459 474 erant,
1510 421 1708 462 secum
1764 402 1829 461 in
1883 422 2013 462 eam

210 505 442 576 partem
472 498 762 577 proficisci
797 498 1011 577 jussit:
1054 498 1203 558 duas
1241 517 1316 559 ex
1353 499 1597 577 reliquis
1635 499 1907 560 cohortes
1949 500 2012 559 in

210 597 531 657 stationem
559 596 888 671 succedere,
918 595 1177 674 reliquas
1205 596 1422 657 armari
1456 604 1519 658 et
1546 598 1857 658 confestim
1886 617 2013 658 sese

209 696 489 775 subsequi
507 696 701 775 jussit.
774 695 894 761 23.
925 696 1124 771 Quum
1143 698 1322 776 paulo
1343 697 1577 779 longius
1600 719 1635 759 a
1656 699 1862 759 castris
1882 719 2014 777 pro·
2038 718 2132 755 22ο

208 793 493 868 cessisset,
539 813 677 855 suos
719 794 794 855 ab
836 794 1109 855 hostibus
1145 795 1336 873 premi
1370 795 1837 856 animadvertit:
1881 817 2011 857 con-

206 890 363 952 ferta
387 890 638 971 legione,
670 912 746 952 ex
775 892 1048 952 omnibus
1074 892 1346 970 partibus
1374 893 1496 962 tela
1522 894 2004 972 conjiciebantur.

207 987 368 1049 Nam
394 989 557 1049 omni
582 990 886 1051 frumento
913 1009 990 1050 ex
1010 989 1253 1068 reliquis
1273 990 1543 1069 partibus
1564 990 1849 1066 demesso,
1873 1011 2011 1069 pars

207 1107 329 1146 una
373 1095 503 1147 erat
543 1088 808 1166 reliqua:
862 1087 1064 1148 hostes
1112 1087 1399 1166 suspicati
1440 1095 1676 1149 nostros
1719 1088 1836 1148 huc
1884 1108 2009 1149 esse

206 1191 492 1245 venturos
545 1191 729 1245 noctu
787 1184 853 1244 in
912 1185 1077 1253 silvis
1138 1183 1502 1245 delituerant
1527 1209 1539 1246 :
1610 1192 1740 1246 tum
1810 1186 2009 1246 subito
2036 1204 2131 1257 225

205 1287 443 1342 nostros
487 1280 783 1360 dispersos
833 1282 1223 1343 adoriuntur:
1284 1302 1426 1343 nam
1472 1283 1579 1356 illi,
1624 1284 1893 1362 occupati
1942 1284 2007 1342 in

204 1379 502 1454 metendO,
527 1400 692 1440 arma
712 1379 1146 1458 deposuerant:
1188 1381 1409 1458 itaque,
1432 1380 1637 1458 paucis
1658 1381 2005 1454 interfectis,

204 1477 464 1556 reliquos
491 1477 735 1538 incertis
763 1476 1070 1537 ordinibus
1097 1478 1488 1555 perturbant:
1530 1477 1707 1536 simul
1734 1478 2009 1556 equitatu

206 1582 387 1654 atque
416 1574 636 1636 essedis
662 1582 899 1635 nostros
918 1573 1312 1634 circumdant.

289 1672 407 1738 24.
454 1672 659 1734 Genus
691 1672 805 1734 hoc
843 1678 936 1733 est
969 1692 1045 1732 ex
1073 1670 1295 1732 essedis
1321 1690 1571 1752 pugnae.
1658 1657 1861 1733 Primo
1902 1692 2009 1751 per
2034 1692 2129 1742 230

206 1791 412 1832 omnes
427 1778 628 1850 partes
644 1771 1041 1850 perequitant,
1065 1777 1125 1831 et
1145 1770 1269 1831 tela
1289 1769 1468 1848 conji-
1508 1785 2008 1837 Eritishmodeoffight-

207 1869 377 1929 ciunt
396 1891 408 1929 ε
435 1869 566 1947 ipso
583 1875 809 1929 terrore
827 1887 1115 1946 equorum
1133 1873 1196 1927 et
1213 1866 1468 1945 strepitu
1507 1836 1804 1928 ialaffi‘rlotffeir
1845 1848 1925 1877 ¹¹⁸⁰
1963 1836 2010 1877 ⁰¹

203 1965 474 2028 rotarum
489 1966 728 2027 ordines
743 1965 1094 2044 plerumque
1110 1964 1564 2044 perturbantur:
1592 1970 1726 2022 tum
1742 1982 1929 2041 quum
1945 1981 2008 2021 se

205 2065 363 2126 inter
401 2071 629 2125 turmas
657 2064 926 2143 equitum
957 2063 1432 2134 insinuaverunt,
1464 2081 1541 2121 ex
1567 2060 1789 2122 essedis
1815 2059 2009 2120 desili-

204 2170 332 2236 unt,
363 2170 426 2225 et
449 2162 702 2241 pedibus
722 2160 1106 2240 proeliantur.
1177 2159 1438 2238 Aurigae
1458 2158 1701 2219 interim
1719 2158 2006 2237 paulatim
2033 2180 2096 2231 23
2100 2178 2128 2231 5

206 2283 283 2322 ex
324 2260 550 2340 proelio
592 2259 927 2321 excedunt:
976 2264 1155 2336 atque
1209 2257 1298 2317 ita
1337 2276 1543 2317 currus
1585 2256 1876 2316 collocant
1917 2263 2001 2330 ut,

205 2359 256 2419 si
285 2357 567 2419 essedarii
594 2378 630 2417 a
655 2355 1044 2417 multitudine
1076 2354 1341 2415 hostium
1372 2359 1737 2433 premantur,
1770 2353 2005 2432 expedi—

206 2464 339 2515 tum
366 2454 443 2516 ad
471 2474 608 2515 suos
634 2461 941 2532 receptum
961 2452 1239 2513 habeant.
1327 2450 1445 2516 25.
1486 2451 1585 2511 Ita
1609 2450 2006 2511 mobilitatem

205 2553 493 2632 equitum,
540 2551 930 2611 stabilitatem
971 2549 1244 2628 peditum
1280 2550 1346 2610 in
1384 2549 1625 2628 proeliis
1660 2555 2006 2627 praestant:

204 2670 272 2711 ac
298 2656 539 2709 tantum
566 2667 678 2707 usu
707 2652 768 2706 et
798 2645 1147 2725 quotidiana
1174 2647 1600 2709 exercitatione
1628 2646 1906 2720 efficiunt,
1937 2652 2007 2704 ut
2032 2669 2128 2718 240

203 2748 269 2806 in
298 2745 516 2807 declivi
558 2765 624 2805 ac
666 2745 976 2824 praecipiti
1003 2744 1132 2805 loco
1169 2745 1447 2805 incitatos
1489 2763 1671 2821 equos
1712 2743 2006 2803 sustinere

204 2845 471 2927 possint:
521 2850 584 2903 et
622 2842 793 2903 brevi
833 2842 1026 2921 spatio
1068 2861 1169 2902 eos
1208 2840 1503 2902 moderari
1545 2862 1611 2901 ac
1648 2842 1902 2914 flectere,
1943 2846 2007 2900 et

204 2962 312 3021 per
352 2949 654 3002 temonem
693 2960 1052 3020 percurrere,
1097 2947 1161 3000 et
1204 2940 1270 3000 in
1309 2939 1454 3018 jugo
1498 2939 1788 3012 insistere,
1836 2944 1899 2999 et
1940 2956 2005 2999 se

204 3038 346 3098 inde
372 3021 438 3098 in
465 3057 671 3098 currus
698 3037 979 3097 citissime
1005 3036 1266 3115 recipere
1292 3036 1500 3097 solent.
