2310 3485
288 258 366 316 12
513 251 871 307 CAESARS
914 250 1308 306 INVASION
1356 249 1456 306 OF
1495 250 1855 307 BRITAIN.

159 440 256 490 300
283 419 422 481 solis
467 439 737 480 occasum
780 439 963 480 naves
1007 418 1209 480 solvit.
1290 418 1416 483 30.
1466 416 1670 478 Primo
1712 418 1835 479 leni
1879 417 2089 479 Africo

284 558 375 598 'rho
393 557 497 598 fleat
514 569 681 597 crossen
704 556 783 597 the
823 522 1139 595 provectus
1174 523 1293 578 est:
1334 535 1478 576 mox
1503 522 1707 576 tamen
1747 515 1948 576 media
1981 516 2089 576 cir-

283 608 787 699 fflgg‘nssgfissgzalgggagr·
829 615 977 674 citer
1015 620 1208 687 nocte,
1245 621 1429 674 vento
1456 613 1814 686 intermisso,
1846 632 2089 691 cursum

282 709 383 749 inm
399 709 479 749 *²¹²0
496 709 690 750 Bfiwffl·
823 731 945 772 non
992 711 1193 772 tenuit
1236 717 1298 771 et
1354 717 1522 772 aestu
1568 711 1804 790 longius
1851 710 2088 771 delatus

283 814 409 868 est:
460 810 593 869 orta
626 808 758 869 luce
799 808 910 868 sub
948 807 1192 868 sinistra
1227 807 1603 868 Britanniam
1642 806 1913 868 relictam
1953 826 2089 867 con-

160 923 253 977 305
282 906 495 986 spexit.
582 906 738 966 Tum
781 925 986 966 rursus
1030 911 1229 965 aestus
1278 906 1806 965 commutationem
1849 911 2087 965 secutus

279 1004 459 1065 remis
501 1003 828 1076 contendit,
862 1010 934 1063 ut
971 1022 1102 1063 eam
1141 1008 1375 1079 partem
1415 1002 1643 1062 insulae
1684 1008 1939 1081 caperet,
1970 1002 2089 1081 qua

282 1102 542 1181 optimus
591 1108 747 1162 esset
795 1119 1078 1180 egressus.
1188 1099 1319 1174 Qua.
1364 1099 1429 1158 in
1476 1120 1540 1160 re
1582 1100 1848 1160 militum
1889 1100 2086 1160 virtus

282 1198 604 1259 admodum
652 1199 770 1258 fuit
823 1196 1163 1272 laudanda3
1221 1197 1323 1275 qui
1367 1197 1644 1257 vectoriis
1683 1197 2085 1276 gravibusque

281 1294 535 1374 navigiis
554 1295 887 1375 remigandi
913 1294 1179 1355 laborem
1206 1314 1327 1355 non
1354 1294 1841 1355 intermiserunt:
1883 1295 2087 1373 itaque

162 1412 257 1462 310
280 1392 591 1470 longarum
607 1392 852 1452 navium
870 1411 1107 1451 cursum
1124 1389 1549 1468 adaequarunt.
1623 1389 1729 1454 31.
1763 1389 2084 1451 Accessum

281 1499 373 1552 est
419 1490 496 1551 ad
543 1490 918 1551 Britanniam
966 1488 1242 1549 omnibus
1286 1489 1540 1549 navibus
1583 1488 1912 1549 meridiano
1960 1488 2086 1549 fere

279 1595 564 1668 tempore,
597 1607 788 1666 neque
835 1586 899 1646 in
949 1605 1019 1646 eo
1066 1585 1197 1645 loco
1246 1584 1434 1645 hostis
1480 1593 1572 1647 est
1618 1587 1815 1646 visus:
1858 1586 1979 1660 sed,
2016 1592 2087 1646 ut

282 1686 498 1748 Caesar
551 1691 759 1765 postea
804 1703 882 1745 ex
935 1681 1187 1762 captivis
1243 1683 1539 1762 cognovit,
1594 1703 1781 1762 quum
1834 1703 2085 1764 magnae

281 1804 491 1845 manus
530 1788 599 1843 eo
636 1781 1067 1853 convenissent,
1099 1779 1485 1841 multitudine
1527 1782 1773 1841 navium
1812 1782 2084 1860 perterri-

161 1898 254 1952 3¹5
281 1890 379 1943 tae
415 1888 585 1942 erant
608 1902 626 1955 3
666 1879 874 1940 statim
902 1898 938 1938 a
964 1877 1140 1946 litore
1169 1876 1561 1938 discesserant
1588 1899 1654 1938 ac
1683 1898 1745 1939 se
1772 1880 1836 1939 in
1865 1879 2085 1958 superi-

282 2000 387 2040 ora
426 1978 554 2038 loca
595 1975 966 2037 abdiderant.
1069 1974 1289 2035 Caesar
1329 1976 1657 2035 exercitum
1699 1978 1977 2055 exposuit
2024 1983 2086 2038 et

281 2076 477 2136 locum
525 2074 731 2134 castris
779 2073 1062 2134 idoneum
1110 2073 1305 2152 cepit:
1367 2093 1445 2133 ex
1491 2074 1742 2152 captivis
1786 2076 2081 2154 cognovit,

283 2181 442 2222 Caesar
511 2178 639 2219 lande
706 2178 781 2218 his
823 2190 941 2250 quo
1003 2171 1067 2231 in
1125 2170 1255 2231 loco
1310 2170 1575 2230 hostium
1630 2171 1840 2249 copiae
1889 2192 2085 2233 conse-

281 2229 782 2321 ῗτῖοῗιῗὲοοῖξιῗαῗῃῗιῗῖ
824 2268 1088 2328 dissent:
1153 2267 1497 2329 cohortibus
1538 2268 1745 2329 decem
1786 2271 2083 2347 praesidio

162 2384 258 2435 320
281 2330 782 2431 ἓῖἒῗέἓὲῃοὲὸῗιῗὲῃξωω
822 2342 1075 2425 navibus
1139 2364 1204 2439 Q.
1279 2363 1524 2425 Atrium
1580 2366 1881 2443 praefecit.
1983 2367 2084 2428 Ad

282 2485 444 2525 mare
512 2462 759 2540 reliquit
827 2468 889 2522 et
950 2462 1182 2540 equites
1249 2468 1562 2537 trecentos,
1622 2464 1727 2541 qui
1787 2465 2084 2542 praesidio

281 2562 534 2621 navibus
591 2566 804 2620 essent.
918 2558 1055 2636 Ipse
1111 2556 1187 2619 de
1244 2558 1425 2619 tertia
1477 2560 1682 2639 vigilia
1738 2560 1814 2621 ad
1882 2562 2082 2624 hostes

282 2657 608 2718 contendit.
714 2655 916 2716 Noctu
944 2675 1288 2735 progressus
1315 2656 1504 2717 millia
1529 2678 1811 2736 passuum
1852 2660 2084 2722 circiter

281 2754 613 2829 duodecim,
649 2754 912 2814 hostium
954 2753 1150 2832 copias
1193 2754 1564 2832 conspicatus
1606 2762 1710 2816 est.
1798 2754 1916 2820 32.
1963 2757 2079 2831 Illi,

163 2866 255 2920 325
283 2853 553 2932 equitatu
595 2860 775 2932 atque
817 2851 1037 2913 essedis
1082 2850 1160 2911 ad
1207 2852 1428 2912 flumen
1472 2854 1782 2931 progressi,
1828 2872 1905 2913 ex
1951 2853 2080 2916 loco

282 2951 582 3029 superiore
637 2956 871 3010 nostros
913 2948 1226 3027 prohibere
1269 2956 1331 3009 et
1376 2950 1668 3027 proelium
1709 2950 2079 3012 committere

282 3055 618 3126 coeperunt.
705 3046 953 3122 Repulsi
993 3046 1069 3106 ab
1110 3047 1380 3122 equitatu
1417 3066 1479 3106 se
1520 3047 1584 3106 in
1625 3047 1802 3107 silvas
1844 3047 2079 3108 abdide-
